3736 5919
1423 426 1563 486 Tit.
1598 426 1750 486 ΧΗ.
1839 425 1875 502 ἓ
1914 426 2012 485 51.
3034 422 3159 491 107

620 591 690 656 Is
727 591 981 657 uidetur
1015 592 1115 657 ius
1153 592 1387 657 dicenti
1423 615 1553 657 non
1590 592 2083 678 obtemperasse,
2129 593 2240 676 qui
2276 593 2449 677 quod
2485 602 2840 659 extremum
2877 595 2943 658 in
2977 593 3164 659 iuris-

626 694 902 760 dictione
947 705 1043 761 est
1094 718 1220 761 non
1268 695 1520 761 fecerit:
1577 696 1777 761 ueluti
1822 695 1877 759 si
1924 695 2068 780 quis
2121 718 2255 761 rem
2310 696 2610 761 mobilem
2655 696 2966 761 uindicari
3010 720 3049 760 a
3094 719 3162 761 se

624 820 851 883 passus
888 820 1016 863 non
1054 803 1231 882 est¹)‚
1271 800 1385 864 sed
1423 799 1595 866 duci
1634 822 1792 865 eam
1828 800 1951 863 uel
1988 799 2174 863 ferri
2209 822 2477 884 passus
2515 812 2648 864 est.

279 896 569 966 Leistete
623 901 736 966 der
777 902 1030 987 Issager
1081 901 1269 967 keine
1317 901 1741 978 Satisdation‚
1797 924 1868 965 so
1906 911 2031 965 trat
2084 925 2168 965 an
2215 901 2412 968 Stelle
2468 903 2582 967 der
2634 903 2962 968 translatio
3015 924 3165 987 pos-

280 1001 584 1068 sessionis
643 1002 810 1068 nach
871 1003 1280 1070 Umstiinden
1343 1005 1459 1070 das
1520 1004 1712 1090 obige
1765 1003 2370 1069 Auskunftsmittel:
2445 1003 2928 1089 Sequestration
2990 1004 3167 1091 apud

280 1103 592 1170 officium.

459 1209 527 1273 b.
571 1207 727 1293 Ulp.
769 1210 852 1274 14
887 1208 966 1273 fr.
1004 1209 1047 1274 5
1081 1233 1176 1296 pr.
1214 1210 1294 1276 de
1331 1212 1418 1276 H.
1456 1210 1535 1275 P.
1574 1209 1660 1290 (5.
1699 1211 1796 1293 3):

628 1310 845 1377 Diuus
888 1312 1048 1377 Pius
1093 1313 1416 1399 rescripsit
1468 1313 1939 1400 prohibendum
1985 1334 2417 1397 possessorem
2463 1312 2852 1387 hereditatis,
2909 1311 2989 1376 de
3037 1333 3167 1396 qua

630 1415 1064 1480 controuersia
1106 1416 1246 1494 erit,
1293 1428 1635 1500 antequam
1671 1416 1750 1481 lis
1795 1415 2221 1493 inchoaretur,
2269 1415 2511 1499 aliquid
2556 1438 2637 1480 ex
2681 1438 2757 1480 ea
2793 1414 3169 1491 distrahere,

629 1517 752 1581 nisi
795 1517 1091 1582 maluerit
1136 1541 1252 1604 pro
1298 1519 1471 1583 omni
1505 1519 1858 1602 quantitate
1906 1518 2276 1583 hereditatis
2323 1518 2429 1583 uel
2475 1540 2688 1582 rerum
2732 1517 2868 1582 eius
2912 1517 3166 1582 restitu-

630 1620 802 1685 tione
838 1621 1174 1686 satisdare:
1220 1643 1414 1686 causa
1449 1622 1979 1707 autemcognita,
2026 1620 2143 1686 etsi
2178 1643 2308 1686 non
2345 1620 2490 1685 talis
2527 1620 2675 1684 data
2712 1619 2793 1684 sit
2837 1619 3171 1684 satisdatio

632 1723 744 1786 sed
780 1723 964 1788 solita
1009 1724 1239 1800 cauti0,
1286 1724 1477 1789 etiam
1524 1736 1667 1810 post
1713 1725 1891 1790 litem
1936 1726 2308 1809 coeptam2).
2398 1723 2487 1807 (ᾗ)
2525 1722 3049 1788 Deminutionem
3097 1744 3166 1786 se

632 1846 1079 1890 concessurum
1117 1838 1371 1911 praetor
1405 1826 1623 1904 edixit,
1658 1851 1739 1893 ne
1774 1827 1841 1892 in
1879 1838 2083 1892 totum
2120 1825 2472 1891 deminutio
2509 1826 2815 1911 impedita
2849 1825 2916 1890 in
2953 1825 3173 1908 aliquo

634 1927 827 1992 etiam
859 1928 1162 1993 utilitates
1199 1928 1355 1994 alias
1400 1929 1727 2015 impediat,
1771 1942 1844 1994 ut
1888 1942 2045 2015 puta
2088 1928 2142 1993 si
2178 1929 2262 1994 ad
2307 1928 2499 1993 funus
2546 1928 2628 1993 sit
2663 1928 2905 2012 aliquid
2948 1949 3170 1992 neces-

634 2030 902 2095 sarium:
948 2054 1097 2095 nam
1134 2031 1375 2096 funeris
1410 2033 1617 2117 gratia
1652 2032 2151 2097 deminutionem
2197 2031 2507 2116 permittit
2544 2079 2560 2095 .
2597 2031 2750 2096 item
2788 2030 2842 2094 si
2878 2030 3168 2094 futurum

634 2143 749 2207 est,
793 2143 886 2209 ut,
932 2132 1054 2197 nisi
1098 2134 1370 2220 pecunia
1412 2134 1580 2200 intra
1624 2134 1793 2199 diem
1841 2134 2146 2209 soluatur,
2203 2133 2439 2219 pignus
2485 2132 2873 2198 distrahatur
2900 2181 2916 2197 .
2947 2132 3061 2197 sed
3107 2143 3170 2196 et

633 2247 892 2321 propter
926 2235 1201 2301 familiae
1239 2236 1476 2302 cibaria
1510 2236 1870 2303 necessaria
1907 2237 2025 2301 erit
2061 2235 2412 2300 deminutio
2442 2283 2458 2299 .
2488 2236 2601 2301 sed
2638 2247 2701 2301 et
2735 2257 2838 2300 res
2882 2244 3169 2318 tempore

634 2338 945 2423 perituras
981 2339 1343 2424 permittere
1380 2340 1570 2405 debet
1605 2351 1859 2425 praetor
1895 2338 2266 2404 distrahere.

277 2433 417 2502 Die
464 2438 660 2524 obige
700 2440 917 2518 Stella,
962 2441 1062 2505 bis
1096 2442 1262 2525 jetzt
1303 2443 1606 2528 nirgends
1650 2442 1886 2528 richtig
1928 2440 2338 2528 interpretirt,
2392 2440 2534 2527 gibt
2578 2463 2701 2505 uns
2735 2439 2989 2525 ⁸Kunde
3042 2461 3170 2505 von

275 2539 478 2605 zwei
515 2538 813 2609 Edicten.
900 2545 1050 2610 Von
1087 2545 1234 2610 dem
1271 2545 1455 2610 einen
1491 2546 1933 2611 unmittelbar:

637 2643 1156 2713 Deminutionem
1194 2670 1263 2712 se
1299 2670 1749 2713 concessurum
1784 2657 2040 2734 praetor
2076 2646 2294 2713 edixit.

273 2740 426 2808 Der
461 2745 702 2811 Prator
737 2748 997 2827 erkliirt‚
1035 2749 1182 2815 dass
1219 2773 1290 2815 er
1322 2760 1510 2815 unter
1543 2748 1949 2816 Umstiinden
1984 2788 2069 2797 —
2106 2749 2272 2815 ohne
2310 2748 2575 2814 Zweifel
2609 2747 2779 2814 hiess
2815 2771 2883 2814 es
2918 2748 2988 2812 in
3023 2748 3171 2814 dem

271 2842 512 2911 Edict:
572 2849 627 2913 si
671 2849 838 2916 iusta
882 2874 1076 2917 causa
1122 2876 1261 2919 esse
1306 2852 1627 2919 uidebitur
1662 2891 1748 2900 —
1783 2853 1929 2918 dem
1975 2852 2320 2938 beklagten
2365 2850 3024 2917 Erbschaftsbesitzer
3068 2851 3177 2917 die

270 2945 792 3039 Verausserung
826 2975 952 3019 von
987 2953 1602 3022 Erbschaftssachen
1648 2968 1968 3043 gestatten
2012 2955 2245 3023 werde.
2333 2954 2461 3021 Ein
2499 2954 2744 3022 solches
2781 2953 2975 3021 Edict
3010 2967 3174 3022 setzt

270 3052 857 3136 augenscheinlich
903 3079 1164 3136 vorans,
1217 3059 1363 3123 dass
1410 3082 1478 3124 es
1522 3059 1581 3123 F
1583 3060 1705 3125 inille
1757 3062 1915 3144 gab,
1969 3059 2035 3124 in
2090 3059 2298 3125 denen
2343 3060 2488 3125 dem
2541 3080 2872 3145 possessor
2914 3058 3017 3125 die
3062 3059 3179 3124 de-

268 3153 563 3218 minutio
612 3155 710 3221 als
753 3157 957 3243 Regel
1000 3159 1213 3226 nicht
1254 3173 1552 3247 gestattet
1597 3185 1748 3227 war.
1847 3162 2001 3227 Nun
2045 3162 2129 3227 ist
2172 3161 2486 3244 bekannt,
2533 3163 2681 3228 dass
2725 3161 2828 3227 ein
2872 3172 3176 3248 gesetz-

263 3251 534 3321 liches
590 3257 1343 3348 Veriiusserungsverbot
1403 3263 1507 3328 fiir
1559 3264 1681 3329 den
1739 3264 2084 3351 beklagten
2138 3264 2430 3330 Besitzer
2480 3288 2597 3329 zur
2652 3264 2795 3329 Zeit
2846 3264 3179 3328 Hadrians

265 3355 456 3422 nicht
510 3359 832 3438 existirte‚
887 3362 1033 3428 dass
1086 3364 1406 3450 hingegen
1451 3367 1794 3453 allerdings
1851 3368 1966 3432 der
2007 3368 2240 3433 Prator
2291 3367 2405 3432 das
2451 3365 2659 3432 Recht
2710 3366 2778 3430 in
2822 3365 3173 3451 Anspruch

261 3458 510 3537 nahm,
562 3461 738 3526 nach
771 3460 1173 3531 Umstiinden
1217 3467 1319 3531 ein
1364 3467 1611 3534 solches
1647 3470 1893 3537 Verbot
1941 3493 2024 3534 zu
2061 3470 2429 3546 erlassen⁸)‚
2474 3467 2554 3531 fr.
2596 3468 2675 3531 17
2713 3467 2752 3551 ἓ
2788 3468 2829 3531 2
2865 3466 2947 3531 de
2984 3467 3046 3530 d.
3085 3489 3175 3530 m.

262 3579 410 3625 exc.
462 3563 610 3644 (44.
649 3564 751 3642 4):

641 3711 661 3728 .
712 3713 729 3729 .
777 3712 794 3729 .
841 3714 858 3729 .
902 3667 1317 3734 hereditatem
1351 3671 1435 3735 ab
1471 3684 1755 3758 emptore
1798 3673 1958 3759 petit
2001 3685 2094 3750 et,
2140 3695 2232 3738 ne
2276 3671 2459 3756 quid
2505 3693 2593 3736 ex
2639 3693 2726 3736 ea
2769 3670 3177 3747 minueret,

642 3766 1103 3851 impetrauit.

440 3867 570 3931 Fr.
615 3868 655 3931 7
697 3868 739 3951 ἓ
773 3866 817 3932 5
850 3892 963 3955 pro
1001 3884 1280 3957 emptore
1317 3875 1446 3953 (41.
1482 3876 1575 3955 4):

644 3969 783 4051 Qui
828 3971 1031 4037 sciens
1074 3974 1226 4039 emit
1269 3976 1352 4040 ab
1404 3999 1509 4055 e0‚
1564 4000 1779 4062 quem
1833 3992 2143 4066 praetor
2194 3989 2278 4044 ut
2330 3987 2769 4064 suspectum
2822 3975 3173 4042 heredem

640 4070 1082 4141 deminuere
1117 4079 1388 4156 uetuit,
1422 4103 1544 4145 usu
1579 4104 1712 4146 non
1745 4083 1976 4169 capiet.

246 4172 412 4258 Vgl.
466 4172 560 4237 fr.
618 4173 660 4236 7
711 4194 810 4257 pr.
854 4173 933 4240 de
975 4176 1110 4243 iure
1154 4178 1345 4245 delib.
1390 4181 1525 4262 (28.
1564 4184 1649 4262 8),
1696 4184 1773 4248 fr.
1811 4185 1895 4249 26
1933 4185 2013 4252 de
2051 4182 2130 4250 C.
2167 4183 2249 4248 E.
2286 4184 2416 4266 (18.
2458 4184 2541 4261 1).
2628 4181 2771 4246 Das
2807 4179 3004 4246 Edict
3037 4204 3174 4246 nun

243 4273 419 4340 iiber
458 4275 596 4339 das
640 4272 1372 4347 Deminutionsverbot
1409 4282 1523 4349 hat
1559 4324 1638 4334 —
1678 4308 1746 4350 es
1789 4286 1874 4351 ist
1909 4287 2044 4353 dies
2080 4286 2263 4352 mehr
2298 4287 2390 4350 als
2438 4285 2615 4351 bloss
2649 4283 3175 4350 wahrscheinlich

243 4412 330 4424 —-
393 4377 632 4442 direct
693 4397 832 4439 vor
881 4377 1025 4443 dem
1076 4381 1264 4447 Edict
1326 4385 1485 4450 iiber
1538 4386 1640 4452 die
1694 4387 2506 4454 Deminutionserlaubniss
2569 4388 2956 4474 gestanden,
3019 4386 3176 4463 und,

317 4597 376 4662 1)
403 4597 464 4650 d.
494 4596 559 4650 h.
601 4592 881 4648 offenbar
913 4611 974 4650 so
995 4597 1102 4653 viel
1135 4600 1216 4654 als
1238 4618 1355 4656 rem
1377 4603 1464 4657 uti
1486 4610 1705 4675 oportet
1770 4605 2008 4678 bringen
2054 4606 2145 4660 ist.
2235 4606 2574 4676 Francke,
2624 4604 2830 4664 Comm.
2881 4604 3020 4658 iiber
3067 4604 3176 4658 den

241 4689 358 4727 non
387 4670 708 4727 defendit·
1771 4682 2230 4738 Pandektentitel
2254 4684 2323 4738 de
2349 4684 2400 4740 h.
2421 4702 2477 4754 p.
2499 4682 2553 4738 s,
2573 4683 2659 4752 26,
2680 4687 2822 4737 aetat
2839 4681 2947 4735 den
2965 4678 3179 4747 Paula,

309 4750 372 4818 2)
397 4749 650 4805 Hieher
685 4745 898 4817 gehssrt
929 4748 1025 4802 der
1057 4750 1258 4807 Punkt.
1328 4754 1439 4809 Die
1471 4757 1701 4813 meisten
1771 4779 1842 4816 m.
1879 4760 1943 4815 E.
1976 4761 2132 4815 nicht
2163 4761 2381 4815 minder
2409 4759 2747 4830 unpassend,
2789 4757 2961 4812 sehon
2993 4754 3178 4809 hinter

240 4827 583 4898 Ausgaben
611 4821 788 4878 auch
809 4822 1260 4911 dieMommsens,
1285 4837 1472 4887 setzen
1490 4834 1587 4889 ibn
1604 4852 1705 4890 vor
1772 4854 1943 4893 causa
1965 4842 2152 4892 autem
2177 4839 2419 4909 cognita,
2454 4837 2528 4890 im
2551 4835 2860 4890 Auschluss
2894 4849 2967 4886 an
2991 4831 3177 4902 einige

241 4918 424 4958 ‘²0⁸8
469 4907 692 4958 autem
748 4904 976 4968 cogmta
1013 4904 1125 4957 und
1168 4905 1318 4962 lesen
1357 4909 1540 4965 hinter
1579 4918 1706 4982 post
1774 4915 1888 4968 alte
1911 4914 2418 4987 Digestendrucke.
2488 4912 2593 4968 Bei
2617 4910 3047 4965 deminutionem
3072 4908 3179 4972 ,be-

241 4979 406 5036 litem
468 4983 778 5049 coeptam
835 4980 1303 5038 ununterbrochen
1360 4987 1578 5058 vester,
1643 5006 1705 5043 so
1773 4991 1936 5063 ginnt
1958 4992 2101 5046 nach
2126 4992 2338 5046 meiner
2355 4990 2701 5058 Auffassung
2725 4987 2815 5041 ein
2838 5002 2984 5057 ganz
3007 5000 3181 5039 neuer

244 5057 380 5112 dass
405 5058 522 5112 der
546 5067 764 5127 ganze
795 5048 924 5105 Satz
944 5070 1049 5108 von
1074 5073 1239 5114 causa
1261 5067 1445 5118 autem
1479 5066 1706 5137 cognita
1772 5068 1985 5123 Absatz
2011 5069 2111 5124 des
2137 5067 2530 5123 Commentars.

247 5149 322 5189 an
355 5134 471 5191 auf
501 5133 621 5188 das
661 5127 925 5214 edietum
958 5129 1025 5184 de
1058 5133 1422 5194 deminuendo
1454 5140 1705 5214 bezogen
1842 5146 1896 5213 3)
1919 5145 2259 5214 Francke,
2285 5162 2335 5199 a.
2360 5161 2410 5197 a.
2442 5143 2508 5198 Ο.
2538 5139 2594 5196 S.
2620 5140 2690 5196 25
2713 5139 2794 5212 fg.

250 5212 414 5282 vird,
448 5207 660 5264 wobei
699 5204 852 5258 keu:
876 5208 1228 5278 ertriiglicher
1252 5213 1386 5269 Sinn
1409 5217 1704 5274 herauszu-
