3736 5919
1322 399 1461 459 Tit.
1498 400 1736 460 XLIII.
1828 397 1862 474 ς
1904 400 2045 457 247.
3002 395 3129 460 379

249 568 401 654 Vgl.
443 567 590 634 Gai.
637 568 736 633 IV
776 568 956 632 166².
1000 565 1144 642 167,
1191 565 1347 653 Ulp.
1393 567 1587 632 instit.
1626 566 1703 631 fr.
1742 565 2024 632 Vindob.
2063 565 2102 649 ᾗ
2136 565 2199 629 5.
2287 564 2511 631 Ueber
2546 566 2650 632 die
2695 566 2954 651 sponsio
2999 566 3133 630 und

250 672 644 758 restipulatio
680 670 824 735 sind
856 670 972 733 wir
1006 668 1298 734 ziemlich
1336 691 1547 754 genau
1584 667 2017 733 unterrichtet.
2107 666 2246 732 Der
2281 667 2542 733 Bericht
2581 669 2692 734 des
2732 667 2939 735 Gaius
2974 668 3134 733 iiber

251 774 433 841 ihren
467 774 684 839 Inhalt
719 773 878 838 wird
914 772 1215 858 bestatigt
1254 771 1455 836 durch
1495 769 1633 836 Cic.
1669 792 1786 856 pro
1824 768 2019 836 Caec.
2059 792 2113 833 c.
2157 769 2235 833 16
2271 769 2309 854 ξ
2344 770 2457 834 45:

595 875 1004 961 sponsionem
1057 873 1270 939 facere
1317 920 1589 949 ......
1641 873 1708 937 ni
1761 873 2072 938 aduersus
2125 872 2403 937 edictum
2455 873 2763 958 praetoris
2818 874 2916 938 uis
2964 873 3134 939 facta

594 990 782 1046 esset.

252 1082 499 1147 Femer
534 1082 689 1146 aber
724 1081 804 1144 ist
839 1103 960 1144 uns
996 1079 1063 1144 in
1108 1080 1185 1144 fr.
1230 1081 1260 1143 1
1312 1101 1406 1164 pr.
1454 1078 1516 1142 h.
1555 1090 1600 1142 t.
1647 1079 1749 1144 ein
1786 1078 1931 1143 Teil
1977 1079 2088 1144 des
2126 1079 2349 1143 Edicts
2397 1077 2703 1153 erhalten‚
2749 1079 2948 1143 worin
2994 1078 3130 1144 sich

253 1183 368 1249 der
402 1184 635 1248 Pr'ator
671 1183 829 1248 iiber
865 1182 966 1248 die
1003 1182 1196 1248 Hohe
1234 1182 1349 1247 der
1386 1171 1992 1268 Spon'sionssumme
2029 1182 2404 1265 ausserte¹):

596 1286 709 1350 Ait
745 1299 1024 1372 praetor:
1065 1332 1363 1350 ......
1404 1306 1648 1369 neque
1685 1283 1956 1370 pluris,
1996 1304 2216 1366 quam
2255 1282 2521 1367 quanti
2555 1305 2674 1347 res
2712 1282 2882 1359 erit,
2928 1283 3131 1347 intra

593 1412 900 1466 annum,
945 1410 1089 1474 quo
1134 1388 1455 1475 primum
1494 1387 1950 1474 experiundi
1988 1397 2330 1471 potestas
2377 1385 2641 1462 fuerit,
2689 1408 2915 1471 agere
2960 1408 3129 1470 per·

599 1492 906 1556 mittam.

248 1593 836 1680 Augenscheinlich
872 1593 1149 1659 niimlich
1188 1593 1374 1658 stand
1411 1604 1563 1657 statt
1606 1594 1718 1657 des
1757 1615 2002 1679 „agere
2046 1592 2461 1678 permittam“
2500 1592 2613 1656 der
2649 1589 3128 1677 Compilatorcn

250 1733 336 1742 —
379 1720 566 1761 wann
611 1697 676 1761 in
724 1698 880 1762 aller
916 1696 1097 1762 Welt
1141 1696 1346 1762 erteilt
1401 1695 1514 1760 der
1558 1695 1789 1760 Prator
1831 1694 2156 1759 Actionen
2209 1694 2329 1759 auf
2373 1717 2632 1779 „neque
2685 1695 2883 1780 pluris
2931 1716 3126 1778 quam

248 1799 471 1882 quanti
517 1822 593 1864 ea
636 1822 737 1866 res
784 1800 990 1864 erit“?
1032 1836 1119 1846 —-
1162 1798 1247 1862 im
1302 1797 1524 1862 Edict:
1589 1798 2072 1884 sponsionem
2128 1797 2383 1863 facere
2437 1798 2968 1883 permittam²);
3023 1797 3129 1862 die

248 1924 455 1987 ganze
496 1901 696 1968 Stelle
733 1901 887 1966 aber
924 1901 1133 1965 diirfte
1170 1899 1617 1985 urspriinglich
1655 1901 1938 1984 gelautet
1974 1898 2212 1965 haben:

591 2007 809 2089 quanti
841 2016 973 2068 uter
1006 2005 1302 2067 iurauerit
1338 2026 1461 2066 non
1498 2002 1835 2065 calumniae
1880 2025 2064 2065 causa
2100 2025 2161 2066 se
2185 2005 2503 2088 postulare
2537 2006 2925 2088 sponsionem
2953 2004 3123 2087 fieri,

592 2129 781 2190 neque
824 2107 1057 2191 pluris,
1114 2129 1298 2189 quam
1344 2108 1560 2189 quanti
1610 2126 1704 2167 res
1758 2107 1949 2184 erist),
2006 2108 2173 2167 intra
2225 2128 2483 2179 annum,
2539 2093 2674 2189 quo*
2702 2107 2978 2190 primum
3023 2126 3125 2166 ex-

586 2211 874 2293 periuncli
938 2219 1205 2293 potestas
1259 2208 1485 2292 suerit,
1566 2209 1952 2292 sponsionem
2022 2207 2653 2291 restipulationemque
2707 2206 2920 2291 facere
2981 2228 3127 2291 per-

590 2314 846 2374 mittam.

421 2413 488 2496 3)
543 2412 736 2478 Edict
787 2413 945 2479 iiber
997 2413 1112 2478 das
1167 2412 1532 2477 iudicium
1590 2409 2162 2478 Cascellianu‘m
2219 2409 2358 2476 siue
2425 2410 2887 2476 secutorium
2939 2411 3125 2476 nebst

251 2515 481 2581 dessen
517 2516 796 2591 Formel‚
837 2514 985 2582 Gai.
1024 2516 1124 2582 IV
1166 2515 1353 2579 166⁸:

590 2618 783 2683 iudex
822 2667 1114 2683 ......
1155 2617 1416 2701 requirit
1453 2664 1724 2693 ......
1762 2627 1906 2681 uter
1941 2639 2164 2683 eorum
2199 2639 2347 2682 eum
2383 2615 2652 2681 fundum
2685 2638 2877 2681 easue
2909 2615 3124 2691 aedes,

592 2743 707 2807 per
739 2721 806 2785 id
843 2731 1094 2806 tempus
1131 2743 1260 2805 quo
1296 2719 1695 2785 interdictum
1730 2719 2034 2796 redditur,
2072 2741 2192 2785 nec
2227 2719 2293 2783 ui
2329 2741 2448 2784 nec
2485 2718 2649 2784 clam
2685 2741 2802 2784 nec
2838 2720 3124 2805 precario

588 2824 934 2909 possederit
962 2874 977 2888 .
1009 2846 1154 2888 cum
1182 2823 1378 2888 iudex
1415 2823 1482 2887 id
1518 2823 1947 2909 explorauerit
1982 2834 2045 2889 et
2073 2822 2235 2887 forte
2265 2822 2616 2887 secundum
2644 2844 2749 2887 me
2773 2822 3125 2887 iudicatum

588 2925 689 3004 sit,
744 2926 1182 2992 aduersarium
1227 2925 1384 2991 mihi
1430 2937 1491 2992 et
1538 2925 1895 3014 sponsionis
1941 2936 2004 2991 et
2056 2924 2550 3010 restipulationis
2606 2948 2908 3002 summas,
2961 2947 3124 3009 quas

588 3053 733 3095 cum
773 3052 849 3095 eo
886 3030 1030 3106 feci,
1068 3031 1451 3095 condemnat
1488 3077 1783 3094 ......
1821 3040 1886 3095 et
1920 3028 2043 3093 hoc
2072 3028 2368 3114 amplius,
2405 3028 2459 3092 si
2488 3029 2661 3114 apud
2684 3027 3123 3094 aduersarium

589 3155 806 3198 meum
841 3132 1158 3218 possessio
1196 3144 1311 3209 est,
1351 3136 1503 3216 quia
1539 3133 1592 3197 is
1628 3132 1874 3197 fructus
1910 3131 2255 3196 licitatione
2286 3130 2461 3207 uicit,
2498 3131 2619 3195 nisi
2648 3132 2941 3197 restituat
2966 3131 3122 3196 mihi

587 3235 1071 3321 possessionem,
1109 3232 1509 3300 Cascelliano
1546 3235 1682 3300 siue
1719 3233 2034 3300 secutorio
2071 3232 2305 3298 iudicio
2342 3233 2820 3298 condemnatur.

245 3338 393 3403 Auf
427 3337 528 3403 die
583 3337 1024 3403 condemnatio
1080 3337 1353 3421 „quanti
1408 3360 1486 3402 ea
1538 3360 1637 3402 res
1691 3337 1858 3403 erit“
1913 3335 2167 3401 bezieht
2219 3335 2356 3401 sich
2401 3334 2556 3421 Ulp.
2603 3336 2686 3401 69
2733 3336 2809 3400 fr.
2857 3336 2897 3399 3
2953 3336 2991 3420 ἓ
3042 3339 3118 3400 11

246 3440 309 3505 h.
349 3441 474 3517 t.⁴).

415 3541 483 3624 4)
530 3541 723 3607 Edict
759 3542 917 3606 iiber
953 3542 1066 3607 das
1103 3542 1409 3606 iudicium
1445 3542 1864 3607 fructuarium
1902 3541 2089 3606 nebst
2126 3541 2183 3604 F
2184 3542 2402 3617 ormel‚
2442 3540 2591 3606 Gai.
2630 3541 2731 3607 IV
2770 3540 2923 3605 169:

586 3644 999 3709 Admonendi
1028 3656 1241 3709 tamen
1268 3667 1488 3710 sumus
1515 3645 1788 3710 liberum
1824 3666 1964 3709 esse
1993 3643 2072 3719 ei,
2110 3642 2221 3727 qui
2256 3642 2500 3708 fructus
2524 3642 2869 3709 licitatione
2907 3643 3117 3708 uictus

589 3746 725 3822 erit,
781 3747 1015 3811 omissa
1067 3746 1418 3811 fructuaria
1471 3746 1898 3832 stipulatione,
1953 3746 2118 3810 sicut
2164 3743 2567 3811 Cascelliano
2613 3745 2750 3810 siue
2806 3747 3123 3811 secutorio

585 3848 821 3913 iudicio
875 3849 954 3914 de
1009 3849 1388 3934 possessione
1441 3848 1854 3935 reciperanda
1899 3847 2240 3933 experitur,
2295 3847 2384 3912 ita
2428 3849 2706 3912 similiter
2750 3848 2830 3913 de
2876 3848 3121 3914 fructus

586 3951 928 4016 licitatione
972 3973 1191 4037 agere:
1247 3952 1311 4015 in
1356 3973 1550 4035 quam
1595 3975 1727 4017 rem
1783 3950 2113 4037 proprium
2168 3949 2471 4015 iudicium
2526 3962 2962 4036 comparatum
3008 3964 3121 4027 est,

586 4053 759 4137 quod
794 4053 1152 4138 appellatur
1187 4053 1631 4131 fructuarium,
1676 4076 1804 4138 quo
1840 4053 2099 4118 nomine
2143 4062 2320 4117 actor
2363 4052 2714 4118 iudicatum
2759 4054 2923 4119 solui
2969 4055 3124 4119 satis

587 4156 835 4240 accipit.

248 4260 329 4324 In
366 4259 512 4324 dem
548 4257 856 4322 iudicium
893 4257 1310 4322 fructuarium
1349 4258 1499 4322 darf
1528 4257 1900 4324 schwerlich
1935 4257 2049 4323 mit
2087 4256 2499 4340 Schmidtf»)
2537 4258 2678 4325 eine
2724 4258 2975 4324 einfach
3014 4261 3130 4324 auf

244 4362 348 4427 die
385 4359 1014 4425 Licitationssumme
1051 4359 1399 4446 gerichtete
1437 4360 1603 4426 actio
1640 4360 1706 4425 in
1741 4361 1982 4426 factum
2021 4371 2329 4447 concepta
2374 4361 2643 4427 erblickt
2680 4362 2965 4439 werden;
3011 4361 3132 4426 auf

243 4464 418 4529 diese
466 4462 689 4528 Weise
742 4461 826 4526 ist
879 4461 981 4527 die
1027 4462 1332 4528 Existenz
1380 4463 1585 4528 dieses
1638 4463 1943 4528 iudicium
1997 4462 2208 4528 neben
2253 4463 2367 4529 der
2403 4464 2728 4549 stipulatio
2773 4463 3125 4530 fructuaria

315 4658 366 4724 1)
408 4654 519 4710 Die
567 4655 938 4711 herrschende
980 4656 1249 4728 Meinung
1290 4657 1481 4710 deutet
1528 4656 1646 4709 dies
1717 4656 2066 4725 sponsionem
2092 4655 2277 4709 facere
2295 4656 2649 4725 permittitur.
2685 4655 2806 4709 Der
2822 4654 3122 4707 Ausdruck

240 4733 409 4789 Edict
432 4731 724 4786 falechlich
749 4731 854 4785 auf
870 4732 973 4787 das
1004 4732 1270 4787 iudicium
1294 4731 1643 4786 secutorium.
1718 4732 2038 4800 „actionem
2065 4731 2429 4802 permittam“
2457 4732 2670 4786 kommt
2691 4733 2766 4784 im
2792 4730 2959 4784 Edict
2983 4731 3122 4784 ein·

244 4812 300 4867 S.
328 4829 373 4864 z.
402 4808 466 4863 B.
494 4807 821 4877 Schmidt,
848 4826 898 4863 a.
926 4827 975 4865 a.
1003 4811 1068 4864 0.
1096 4808 1152 4863 S.
1180 4809 1302 4877 257,
1328 4807 1647 4875 Rudorff‚
1716 4808 1827 4862 mal
1849 4825 1971 4862 vor:
2009 4806 2077 4861 fr.
2109 4809 2174 4861 10
2195 4824 2276 4877 pr.
2305 4823 2448 4876 quae
2473 4807 2530 4860 in
2554 4806 2734 4861 fraud.
2760 4806 2906 4861 cred.
2925 4806 3029 4872 (42.
3049 4806 3121 4873 8),

237 4889 305 4944 Ε.
332 4888 398 4942 P.
433 4886 465 4956 ξ
498 4884 622 4953 247,
654 4883 1014 4941 Mommsen
1045 4886 1104 4939 in
1136 4886 1318 4939 seiner
1350 4884 1647 4954 Digesten-
1718 4899 1934 4956 „agere
1959 4883 2314 4953 permittam“
2341 4883 2620 4954 nirgends.

239 4963 493 5037 auagabe
512 4961 714 5030 adh.l.,
732 4961 781 5015 B
794 4981 977 5031 runs,
998 4961 1395 5032 Besitzklssgen
1407 4959 1647 5014 S·44·56·
1785 4985 1838 5051 3)
1858 4983 2133 5038 Aehnneh
2152 4983 2301 5037 heim
2321 4982 2737 5038 Vadimonium:
2764 4982 2887 5038 Gai.
2902 4984 2980 5039 1v
3003 4984 3119 5038 186.

241 5038 827 5177 geaegffitiseugg'ge.hz
864 5039 1128 5105 Keller,
1166 5038 1352 5091 Zschr.
1387 5036 1427 5089 f.
1455 5034 1644 5106 gesch.
1787 5086 1840 5153 4)
1867 5084 2200 5154 Schmidt,
2226 5103 2274 5141 a·
2300 5102 2352 5140 a.
2378 5086 2441 5140 O.
2470 5084 2525 5141 S.
2552 5086 2656 5140 256
2680 5085 2759 5158 fg·

308 5199 364 5264 2)
398 5195 529 5268 Vgl.
573 5210 670 5247 zur
712 5191 1203 5247 Ausdrucksweise
1246 5189 1370 5245 Gai.
1405 5187 1489 5245 lv
1522 5189 1649 5244 171:
1789 5191 1841 5256 5)
1866 5204 1918 5243 a.
1943 5203 1991 5244 a.
2018 5188 2082 5244 Ο.
2112 5187 2164 5245 S.
2193 5190 2311 5246 ⁶290.
