<?xml version="1.0" encoding="UTF-8"?>
<!DOCTYPE html PUBLIC "-//W3C//DTD XHTML 1.0 Transitional//EN"
    "http://www.w3.org/TR/xhtml1/DTD/xhtml1-transitional.dtd">
<html xmlns="http://www.w3.org/1999/xhtml" xml:lang="en" lang="en">
 <head>
  <title>
</title>
<meta http-equiv="Content-Type" content="text/html;charset=utf-8" />
  <meta name='ocr-system' content='tesseract 3.04.00' />
  <meta name='ocr-capabilities' content='ocr_page ocr_carea ocr_par ocr_line ocrx_word'/>
</head>
<body>
  <div class='ocr_page' id='page_1' title='image "./dasedictumperpe00savigoog_0331.png"; bbox 0 0 3736 5919; ppageno 0'>
   <div class='ocr_carea' id='block_1_1' title="bbox 1395 393 3206 472">
    <p class='ocr_par' dir='ltr' id='par_1_1' title="bbox 1395 393 3206 472">
     <span class='ocr_line' id='line_1_1' title="bbox 1395 393 3206 472; baseline 0 -14"><span class='ocrx_word' id='word_1_1' title='bbox 1395 398 1534 458; x_wconf 81' lang='lat' dir='ltr'>Tit.</span> <span class='ocrx_word' id='word_1_2' title='bbox 1572 397 1817 457; x_wconf 67' lang='lat' dir='ltr'><strong>xxm.</strong></span> <span class='ocrx_word' id='word_1_3' title='bbox 1907 396 1942 472; x_wconf 62' lang='grc' dir='ltr'><strong>ς</strong></span> <span class='ocrx_word' id='word_1_4' title='bbox 1983 399 2125 456; x_wconf 82' lang='lat'><strong>178.</strong></span> <span class='ocrx_word' id='word_1_5' title='bbox 3076 393 3206 460; x_wconf 81' lang='lat'>305</span> 
     </span>
    </p>
   </div>
   <div class='ocr_carea' id='block_1_2' title="bbox 320 562 3211 1576">
    <p class='ocr_par' dir='ltr' id='par_1_2' title="bbox 320 562 3211 1576">
     <span class='ocr_line' id='line_1_2' title="bbox 320 562 3208 651; baseline -0.001 -16"><span class='ocrx_word' id='word_1_6' title='bbox 320 569 478 635; x_wconf 83' lang='lat' dir='ltr'>oder</span> <span class='ocrx_word' id='word_1_7' title='bbox 515 565 1028 651; x_wconf 87' lang='lat' dir='ltr'>Consequenzen</span> <span class='ocrx_word' id='word_1_8' title='bbox 1064 564 1399 631; x_wconf 82' lang='lat' dir='ltr'>desselben</span> <span class='ocrx_word' id='word_1_9' title='bbox 1435 566 1627 645; x_wconf 85' lang='lat' dir='ltr'>(etwa</span> <span class='ocrx_word' id='word_1_10' title='bbox 1671 563 2077 630; x_wconf 89' lang='lat' dir='ltr'>hinsichtlich</span> <span class='ocrx_word' id='word_1_11' title='bbox 2118 563 2233 629; x_wconf 87' lang='lat' dir='ltr'>der</span> <span class='ocrx_word' id='word_1_12' title='bbox 2270 562 2685 650; x_wconf 71' lang='lat' dir='ltr'>Gewiihrung</span> <span class='ocrx_word' id='word_1_13' title='bbox 2720 586 2846 630; x_wconf 78' lang='lat' dir='ltr'>von</span> <span class='ocrx_word' id='word_1_14' title='bbox 2882 565 3208 631; x_wconf 87' lang='lat' dir='ltr'>Aetionen</span> 
     </span>
     <span class='ocr_line' id='line_1_3' title="bbox 321 666 3209 753; baseline -0.001 -16"><span class='ocrx_word' id='word_1_15' title='bbox 321 672 428 737; x_wconf 81' lang='lat' dir='ltr'>fiir</span> <span class='ocrx_word' id='word_1_16' title='bbox 471 672 606 737; x_wconf 88' lang='lat' dir='ltr'>und</span> <span class='ocrx_word' id='word_1_17' title='bbox 650 669 850 735; x_wconf 84' lang='lat' dir='ltr'>wider</span> <span class='ocrx_word' id='word_1_18' title='bbox 894 669 1018 735; x_wconf 91' lang='lat' dir='ltr'>den</span> <span class='ocrx_word' id='word_1_19' title='bbox 1066 668 1145 733; x_wconf 92' lang='lat' dir='ltr'>de</span> <span class='ocrx_word' id='word_1_20' title='bbox 1191 678 1360 732; x_wconf 88' lang='lat' dir='ltr'>statu</span> <span class='ocrx_word' id='word_1_21' title='bbox 1406 690 1522 733; x_wconf 87' lang='lat' dir='ltr'>suo</span> <span class='ocrx_word' id='word_1_22' title='bbox 1576 667 1862 753; x_wconf 82' lang='lat' dir='ltr'>litigans)</span> <span class='ocrx_word' id='word_1_23' title='bbox 1917 667 1985 732; x_wconf 89' lang='lat' dir='ltr'>in</span> <span class='ocrx_word' id='word_1_24' title='bbox 2036 666 2264 752; x_wconf 84' lang='lat' dir='ltr'>irgend</span> <span class='ocrx_word' id='word_1_25' title='bbox 2318 666 2494 732; x_wconf 86' lang='lat' dir='ltr'>einer</span> <span class='ocrx_word' id='word_1_26' title='bbox 2534 666 2593 730; x_wconf 90' lang='lat' dir='ltr'><strong>F</strong></span> <span class='ocrx_word' id='word_1_27' title='bbox 2595 688 2733 731; x_wconf 86' lang='lat' dir='ltr'>orm</span> <span class='ocrx_word' id='word_1_28' title='bbox 2787 667 3070 746; x_wconf 86' lang='lat' dir='ltr'>enthielt‚</span> <span class='ocrx_word' id='word_1_29' title='bbox 3125 668 3209 734; x_wconf 88' lang='lat' dir='ltr'>ist</span> 
     </span>
     <span class='ocr_line' id='line_1_4' title="bbox 321 768 2626 861; baseline -0.003 -21"><span class='ocrx_word' id='word_1_30' title='bbox 321 774 626 861; x_wconf 87' lang='lat' dir='ltr'>nirgends</span> <span class='ocrx_word' id='word_1_31' title='bbox 663 770 1056 838; x_wconf 82' lang='lat' dir='ltr'>iiberliefert.</span> <span class='ocrx_word' id='word_1_32' title='bbox 1142 770 1362 836; x_wconf 50' lang='lat' dir='ltr'>NVenn</span> <span class='ocrx_word' id='word_1_33' title='bbox 1398 771 1553 836; x_wconf 83' lang='lat' dir='ltr'>aber</span> <span class='ocrx_word' id='word_1_34' title='bbox 1590 768 1736 836; x_wconf 89' lang='lat' dir='ltr'>Gai.</span> <span class='ocrx_word' id='word_1_35' title='bbox 1775 770 1854 836; x_wconf 85' lang='lat' dir='ltr'><strong>fr.</strong></span> <span class='ocrx_word' id='word_1_36' title='bbox 1892 768 1978 835; x_wconf 81' lang='lat'>25</span> <span class='ocrx_word' id='word_1_37' title='bbox 2014 770 2052 854; x_wconf 63' lang='grc' dir='ltr'><strong>ἓ</strong></span> <span class='ocrx_word' id='word_1_38' title='bbox 2087 770 2128 834; x_wconf 92' lang='grc'>2</span> <span class='ocrx_word' id='word_1_39' title='bbox 2164 768 2229 833; x_wconf 87' lang='lat' dir='ltr'>h.</span> <span class='ocrx_word' id='word_1_40' title='bbox 2267 780 2311 834; x_wconf 87' lang='lat' dir='ltr'>t.</span> <span class='ocrx_word' id='word_1_41' title='bbox 2349 775 2626 835; x_wconf 70' lang='lat' dir='ltr'>{iussertz</span> 
     </span>
     <span class='ocr_line' id='line_1_5' title="bbox 663 871 3207 960; baseline 0 -19"><span class='ocrx_word' id='word_1_42' title='bbox 663 875 812 941; x_wconf 83' lang='lat' dir='ltr'>licet</span> <span class='ocrx_word' id='word_1_43' title='bbox 854 874 1054 960; x_wconf 87' lang='lat' dir='ltr'>uulgo</span> <span class='ocrx_word' id='word_1_44' title='bbox 1092 872 1341 938; x_wconf 84' lang='lat' dir='ltr'>dicatur</span> <span class='ocrx_word' id='word_1_45' title='bbox 1383 884 1524 958; x_wconf 90' lang='lat' dir='ltr'>post</span> <span class='ocrx_word' id='word_1_46' title='bbox 1563 872 1927 938; x_wconf 85' lang='lat' dir='ltr'>ordinatum</span> <span class='ocrx_word' id='word_1_47' title='bbox 1970 871 2232 938; x_wconf 85' lang='lat' dir='ltr'>liberale</span> <span class='ocrx_word' id='word_1_48' title='bbox 2277 871 2584 937; x_wconf 89' lang='lat' dir='ltr'>iudicium</span> <span class='ocrx_word' id='word_1_49' title='bbox 2622 871 2977 952; x_wconf 88' lang='lat' dir='ltr'>hominem,</span> <span class='ocrx_word' id='word_1_50' title='bbox 3025 877 3207 941; x_wconf 86' lang='lat' dir='ltr'>cuius</span> 
     </span>
     <span class='ocr_line' id='line_1_6' title="bbox 668 974 2412 1052; baseline -0.002 -9"><span class='ocrx_word' id='word_1_51' title='bbox 668 978 747 1043; x_wconf 90' lang='lat' dir='ltr'>de</span> <span class='ocrx_word' id='word_1_52' title='bbox 784 988 954 1042; x_wconf 85' lang='lat' dir='ltr'>statu</span> <span class='ocrx_word' id='word_1_53' title='bbox 991 975 1427 1041; x_wconf 83' lang='lat' dir='ltr'>controuersia</span> <span class='ocrx_word' id='word_1_54' title='bbox 1462 987 1579 1052; x_wconf 88' lang='lat' dir='ltr'>est,</span> <span class='ocrx_word' id='word_1_55' title='bbox 1617 975 1800 1041; x_wconf 89' lang='lat' dir='ltr'>liberi</span> <span class='ocrx_word' id='word_1_56' title='bbox 1835 974 1979 1040; x_wconf 91' lang='lat' dir='ltr'>loco</span> <span class='ocrx_word' id='word_1_57' title='bbox 2017 997 2158 1040; x_wconf 89' lang='lat' dir='ltr'>esse</span> <span class='ocrx_word' id='word_1_58' title='bbox 2196 1024 2211 1039; x_wconf 89' lang='lat'><strong>.</strong></span> <span class='ocrx_word' id='word_1_59' title='bbox 2251 1023 2267 1039; x_wconf 89' lang='lat'><strong>.</strong></span> <span class='ocrx_word' id='word_1_60' title='bbox 2308 1022 2324 1040; x_wconf 85' lang='lat'><strong>.</strong></span> <span class='ocrx_word' id='word_1_61' title='bbox 2364 1022 2412 1052; x_wconf 90' lang='lat'><strong>.‚</strong></span> 
     </span>
     <span class='ocr_line' id='line_1_7' title="bbox 329 1076 3209 1166; baseline 0 -20"><span class='ocrx_word' id='word_1_62' title='bbox 329 1103 400 1146; x_wconf 83' lang='lat' dir='ltr'>so</span> <span class='ocrx_word' id='word_1_63' title='bbox 445 1079 684 1166; x_wconf 85' lang='lat' dir='ltr'>spricht</span> <span class='ocrx_word' id='word_1_64' title='bbox 730 1079 844 1144; x_wconf 90' lang='lat' dir='ltr'>das</span> <span class='ocrx_word' id='word_1_65' title='bbox 890 1079 1141 1165; x_wconf 85' lang='lat' dir='ltr'>„uulgo</span> <span class='ocrx_word' id='word_1_66' title='bbox 1188 1077 1487 1143; x_wconf 84' lang='lat' dir='ltr'>dicatur“</span> <span class='ocrx_word' id='word_1_67' title='bbox 1536 1076 1747 1143; x_wconf 87' lang='lat' dir='ltr'>sicher</span> <span class='ocrx_word' id='word_1_68' title='bbox 1790 1076 1944 1143; x_wconf 89' lang='lat' dir='ltr'>eher</span> <span class='ocrx_word' id='word_1_69' title='bbox 1986 1100 2197 1165; x_wconf 87' lang='lat' dir='ltr'>gegen</span> <span class='ocrx_word' id='word_1_70' title='bbox 2244 1077 2337 1143; x_wconf 88' lang='lat' dir='ltr'>als</span> <span class='ocrx_word' id='word_1_71' title='bbox 2373 1078 2476 1142; x_wconf 77' lang='lat' dir='ltr'>fur</span> <span class='ocrx_word' id='word_1_72' title='bbox 2513 1078 2615 1144; x_wconf 90' lang='lat' dir='ltr'>die</span> <span class='ocrx_word' id='word_1_73' title='bbox 2650 1078 2998 1145; x_wconf 86' lang='lat' dir='ltr'>Annahme</span> <span class='ocrx_word' id='word_1_74' title='bbox 3036 1081 3209 1147; x_wconf 89' lang='lat' dir='ltr'>eines</span> 
     </span>
     <span class='ocr_line' id='line_1_8' title="bbox 327 1179 3206 1269; baseline 0 -22"><span class='ocrx_word' id='word_1_75' title='bbox 327 1182 551 1249; x_wconf 86' lang='lat' dir='ltr'>hicher</span> <span class='ocrx_word' id='word_1_76' title='bbox 586 1181 939 1269; x_wconf 71' lang='lat' dir='ltr'>geborigen</span> <span class='ocrx_word' id='word_1_77' title='bbox 976 1180 1230 1257; x_wconf 88' lang='lat' dir='ltr'>Edicts,</span> <span class='ocrx_word' id='word_1_78' title='bbox 1274 1180 1409 1245; x_wconf 89' lang='lat' dir='ltr'>und</span> <span class='ocrx_word' id='word_1_79' title='bbox 1454 1179 1620 1245; x_wconf 86' lang='lat' dir='ltr'>auch</span> <span class='ocrx_word' id='word_1_80' title='bbox 1664 1180 1767 1246; x_wconf 91' lang='lat' dir='ltr'>die</span> <span class='ocrx_word' id='word_1_81' title='bbox 1803 1181 1929 1245; x_wconf 83' lang='lat' dir='ltr'>Art</span> <span class='ocrx_word' id='word_1_82' title='bbox 1968 1181 2103 1245; x_wconf 88' lang='lat' dir='ltr'>und</span> <span class='ocrx_word' id='word_1_83' title='bbox 2137 1180 2392 1257; x_wconf 86' lang='lat' dir='ltr'>Weise,</span> <span class='ocrx_word' id='word_1_84' title='bbox 2436 1180 2557 1246; x_wconf 83' lang='lat' dir='ltr'>wie</span> <span class='ocrx_word' id='word_1_85' title='bbox 2592 1180 2781 1246; x_wconf 85' lang='lat' dir='ltr'><strong>Paul.</strong></span> <span class='ocrx_word' id='word_1_86' title='bbox 2820 1181 2898 1247; x_wconf 86' lang='lat' dir='ltr'><strong>fr.</strong></span> <span class='ocrx_word' id='word_1_87' title='bbox 2938 1182 3024 1247; x_wconf 90' lang='grc'>24</span> <span class='ocrx_word' id='word_1_88' title='bbox 3059 1182 3121 1249; x_wconf 87' lang='lat' dir='ltr'>h.</span> <span class='ocrx_word' id='word_1_89' title='bbox 3162 1197 3206 1248; x_wconf 92' lang='lat' dir='ltr'>t.</span> 
     </span>
     <span class='ocr_line' id='line_1_9' title="bbox 327 1282 3206 1369; baseline 0.001 -20"><span class='ocrx_word' id='word_1_90' title='bbox 327 1285 453 1350; x_wconf 89' lang='lat' dir='ltr'>den</span> <span class='ocrx_word' id='word_1_91' title='bbox 501 1283 656 1350; x_wconf 88' lang='lat' dir='ltr'>Satz</span> <span class='ocrx_word' id='word_1_92' title='bbox 704 1288 994 1361; x_wconf 70' lang='lat' dir='ltr'>erortert‚</span> <span class='ocrx_word' id='word_1_93' title='bbox 1050 1284 1204 1349; x_wconf 72' lang='lat' dir='ltr'>l&#39;asst</span> <span class='ocrx_word' id='word_1_94' title='bbox 1246 1283 1434 1349; x_wconf 90' lang='lat' dir='ltr'>keine</span> <span class='ocrx_word' id='word_1_95' title='bbox 1482 1283 1752 1349; x_wconf 90' lang='lat' dir='ltr'>edictale</span> <span class='ocrx_word' id='word_1_96' title='bbox 1795 1282 2079 1369; x_wconf 72' lang='lat' dir='ltr'>Vox-lage</span> <span class='ocrx_word' id='word_1_97' title='bbox 2124 1294 2477 1349; x_wconf 87' lang='lat' dir='ltr'>vermuten.</span> <span class='ocrx_word' id='word_1_98' title='bbox 2576 1283 2673 1348; x_wconf 89' lang='lat' dir='ltr'>M.</span> <span class='ocrx_word' id='word_1_99' title='bbox 2719 1282 2800 1348; x_wconf 90' lang='lat' dir='ltr'><strong>E.</strong></span> <span class='ocrx_word' id='word_1_100' title='bbox 2847 1284 3058 1351; x_wconf 85' lang='lat' dir='ltr'>haben</span> <span class='ocrx_word' id='word_1_101' title='bbox 3103 1286 3206 1352; x_wconf 90' lang='lat' dir='ltr'>die</span> 
     </span>
     <span class='ocr_line' id='line_1_10' title="bbox 325 1384 3211 1472; baseline 0 -18"><span class='ocrx_word' id='word_1_102' title='bbox 325 1387 614 1454; x_wconf 82' lang='lat' dir='ltr'>Juristen</span> <span class='ocrx_word' id='word_1_103' title='bbox 663 1387 766 1452; x_wconf 90' lang='lat' dir='ltr'>die</span> <span class='ocrx_word' id='word_1_104' title='bbox 810 1385 1275 1472; x_wconf 87' lang='lat' dir='ltr'>Besprechung</span> <span class='ocrx_word' id='word_1_105' title='bbox 1318 1385 1430 1451; x_wconf 90' lang='lat' dir='ltr'>des</span> <span class='ocrx_word' id='word_1_106' title='bbox 1478 1385 1704 1452; x_wconf 85' lang='lat' dir='ltr'>Satzes</span> <span class='ocrx_word' id='word_1_107' title='bbox 1759 1409 1840 1451; x_wconf 86' lang='lat' dir='ltr'>an</span> <span class='ocrx_word' id='word_1_108' title='bbox 1896 1385 2010 1450; x_wconf 87' lang='lat' dir='ltr'>das</span> <span class='ocrx_word' id='word_1_109' title='bbox 2063 1386 2129 1449; x_wconf 89' lang='lat' dir='ltr'>in</span> <span class='ocrx_word' id='word_1_110' title='bbox 2174 1385 2213 1469; x_wconf 58' lang='grc' dir='ltr'><strong>ξ</strong></span> <span class='ocrx_word' id='word_1_111' title='bbox 2261 1386 2385 1450; x_wconf 86' lang='grc'>180</span> <span class='ocrx_word' id='word_1_112' title='bbox 2427 1384 2812 1452; x_wconf 86' lang='lat' dir='ltr'>behandelte</span> <span class='ocrx_word' id='word_1_113' title='bbox 2857 1386 3049 1454; x_wconf 88' lang='lat' dir='ltr'>Edict</span> <span class='ocrx_word' id='word_1_114' title='bbox 3096 1413 3211 1454; x_wconf 87' lang='lat' dir='ltr'>an-</span> 
     </span>
     <span class='ocr_line' id='line_1_11' title="bbox 328 1489 663 1576; baseline -0.006 -21"><span class='ocrx_word' id='word_1_115' title='bbox 328 1489 663 1576; x_wconf 82' lang='lat' dir='ltr'>gekniipft.</span> 
     </span>
    </p>
   </div>
   <div class='ocr_carea' id='block_1_3' title="bbox 776 1749 2783 1820">
    <p class='ocr_par' dir='ltr' id='par_1_3' title="bbox 776 1749 2783 1820">
     <span class='ocr_line' id='line_1_12' title="bbox 776 1749 2783 1820; baseline 0.001 -17"><span class='ocrx_word' id='word_1_116' title='bbox 776 1749 806 1820; x_wconf 64' lang='grc' dir='ltr'><strong>ἓ</strong></span> <span class='ocrx_word' id='word_1_117' title='bbox 842 1750 957 1805; x_wconf 78' lang='grc'><strong>178.</strong></span> <span class='ocrx_word' id='word_1_118' title='bbox 1029 1753 1111 1806; x_wconf 87' lang='lat' dir='ltr'>SI</span> <span class='ocrx_word' id='word_1_119' title='bbox 1139 1751 1250 1804; x_wconf 80' lang='lat' dir='ltr'>EX</span> <span class='ocrx_word' id='word_1_120' title='bbox 1276 1751 1724 1806; x_wconf 80' lang='lat' dir='ltr'><em>SERUITUTE&#39;</em></span> <span class='ocrx_word' id='word_1_121' title='bbox 1756 1752 1857 1806; x_wconf 92' lang='lat' dir='ltr'>IN</span> <span class='ocrx_word' id='word_1_122' title='bbox 1885 1751 2387 1805; x_wconf 79' lang='lat' dir='ltr'><em>LIBERTATEM</em></span> <span class='ocrx_word' id='word_1_123' title='bbox 2411 1751 2783 1806; x_wconf 78' lang='lat' dir='ltr'>PETATUR.</span> 
     </span>
    </p>
   </div>
   <div class='ocr_carea' id='block_1_4' title="bbox 503 1930 3071 2024">
    <p class='ocr_par' dir='ltr' id='par_1_4' title="bbox 503 1930 3071 2024">
     <span class='ocr_line' id='line_1_13' title="bbox 503 1930 3071 2024; baseline 0.002 -28"><span class='ocrx_word' id='word_1_124' title='bbox 503 1930 659 2018; x_wconf 90' lang='lat' dir='ltr'><strong>Ulp.</strong></span> <span class='ocrx_word' id='word_1_125' title='bbox 697 1932 864 2016; x_wconf 82' lang='lat'><strong>54¹),</strong></span> <span class='ocrx_word' id='word_1_126' title='bbox 900 1931 1088 1998; x_wconf 86' lang='lat' dir='ltr'><strong>Paul.</strong></span> <span class='ocrx_word' id='word_1_127' title='bbox 1127 1931 1294 2016; x_wconf 76' lang='lat'>502),</span> <span class='ocrx_word' id='word_1_128' title='bbox 1334 1931 1482 1998; x_wconf 81' lang='lat' dir='ltr'>Gai.</span> <span class='ocrx_word' id='word_1_129' title='bbox 1521 1933 1602 1998; x_wconf 88' lang='lat' dir='ltr'>ad</span> <span class='ocrx_word' id='word_1_130' title='bbox 1641 1934 1740 2000; x_wconf 88' lang='lat' dir='ltr'>ed.</span> <span class='ocrx_word' id='word_1_131' title='bbox 1779 1957 1875 2020; x_wconf 88' lang='lat' dir='ltr'><strong>pr.</strong></span> <span class='ocrx_word' id='word_1_132' title='bbox 1913 1934 2055 1998; x_wconf 91' lang='lat' dir='ltr'>urb.</span> <span class='ocrx_word' id='word_1_133' title='bbox 2092 1934 2157 1999; x_wconf 89' lang='lat' dir='ltr'>h.</span> <span class='ocrx_word' id='word_1_134' title='bbox 2196 1945 2239 1999; x_wconf 92' lang='lat' dir='ltr'>t.</span> <span class='ocrx_word' id='word_1_135' title='bbox 2278 1933 2413 2015; x_wconf 91' lang='lat' dir='ltr'>(lib.</span> <span class='ocrx_word' id='word_1_136' title='bbox 2456 1937 2599 2015; x_wconf 76' lang='lat'>1)³),</span> <span class='ocrx_word' id='word_1_137' title='bbox 2636 1934 2867 2024; x_wconf 71' lang='lat' dir='ltr'>Iulian.</span> <span class='ocrx_word' id='word_1_138' title='bbox 2905 1936 3071 2017; x_wconf 72' lang='lat'><strong>43⁴).</strong></span> 
     </span>
    </p>
   </div>
   <div class='ocr_carea' id='block_1_5' title="bbox 329 2051 3213 2756">
    <p class='ocr_par' dir='ltr' id='par_1_5' title="bbox 329 2051 3213 2756">
     <span class='ocr_line' id='line_1_14' title="bbox 503 2051 3213 2142; baseline 0.002 -26"><span class='ocrx_word' id='word_1_139' title='bbox 503 2051 645 2118; x_wconf 84' lang='lat' dir='ltr'>Der</span> <span class='ocrx_word' id='word_1_140' title='bbox 677 2052 1253 2138; x_wconf 83' lang='lat' dir='ltr'>Freiheitsprozess</span> <span class='ocrx_word' id='word_1_141' title='bbox 1297 2052 1473 2118; x_wconf 80' lang='lat' dir='ltr'>ffihrt</span> <span class='ocrx_word' id='word_1_142' title='bbox 1518 2076 1600 2118; x_wconf 91' lang='lat' dir='ltr'>zu</span> <span class='ocrx_word' id='word_1_143' title='bbox 1637 2053 2135 2120; x_wconf 86' lang='lat' dir='ltr'>verschiedenen</span> <span class='ocrx_word' id='word_1_144' title='bbox 2179 2052 2568 2120; x_wconf 84' lang='lat' dir='ltr'>formularen</span> <span class='ocrx_word' id='word_1_145' title='bbox 2607 2052 3105 2142; x_wconf 84' lang='lat' dir='ltr'>Gestaltungen‚</span> <span class='ocrx_word' id='word_1_146' title='bbox 3143 2057 3213 2141; x_wconf 91' lang='lat' dir='ltr'>je</span> 
     </span>
     <span class='ocr_line' id='line_1_15' title="bbox 330 2154 3210 2242; baseline 0.001 -22"><span class='ocrx_word' id='word_1_147' title='bbox 330 2155 647 2221; x_wconf 86' lang='lat' dir='ltr'>nachdem</span> <span class='ocrx_word' id='word_1_148' title='bbox 683 2154 785 2219; x_wconf 91' lang='lat' dir='ltr'>die</span> <span class='ocrx_word' id='word_1_149' title='bbox 823 2155 1098 2220; x_wconf 81' lang='lat' dir='ltr'>adsertio</span> <span class='ocrx_word' id='word_1_150' title='bbox 1136 2179 1214 2222; x_wconf 87' lang='lat' dir='ltr'>ex</span> <span class='ocrx_word' id='word_1_151' title='bbox 1253 2155 1558 2222; x_wconf 88' lang='lat' dir='ltr'>seruitute</span> <span class='ocrx_word' id='word_1_152' title='bbox 1594 2157 1661 2222; x_wconf 89' lang='lat' dir='ltr'>in</span> <span class='ocrx_word' id='word_1_153' title='bbox 1695 2156 2056 2223; x_wconf 85' lang='lat' dir='ltr'>libertatem</span> <span class='ocrx_word' id='word_1_154' title='bbox 2093 2155 2248 2221; x_wconf 84' lang='lat' dir='ltr'>oder</span> <span class='ocrx_word' id='word_1_155' title='bbox 2283 2155 2664 2242; x_wconf 86' lang='lat' dir='ltr'>umgekehrt</span> <span class='ocrx_word' id='word_1_156' title='bbox 2701 2180 2778 2222; x_wconf 87' lang='lat' dir='ltr'>ex</span> <span class='ocrx_word' id='word_1_157' title='bbox 2816 2157 3107 2225; x_wconf 84' lang='lat' dir='ltr'>libertate</span> <span class='ocrx_word' id='word_1_158' title='bbox 3145 2161 3210 2224; x_wconf 89' lang='lat' dir='ltr'>in</span> 
     </span>
     <span class='ocr_line' id='line_1_16' title="bbox 332 2256 3211 2345; baseline 0.002 -23"><span class='ocrx_word' id='word_1_159' title='bbox 332 2257 704 2324; x_wconf 86' lang='lat' dir='ltr'>seruitutem</span> <span class='ocrx_word' id='word_1_160' title='bbox 742 2256 1112 2323; x_wconf 87' lang='lat' dir='ltr'>stattfindet.</span> <span class='ocrx_word' id='word_1_161' title='bbox 1175 2259 1354 2323; x_wconf 85' lang='lat' dir='ltr'>Nach</span> <span class='ocrx_word' id='word_1_162' title='bbox 1394 2259 1507 2325; x_wconf 84' lang='lat' dir='ltr'>der</span> <span class='ocrx_word' id='word_1_163' title='bbox 1542 2257 2013 2325; x_wconf 86' lang='lat' dir='ltr'>herrschenden</span> <span class='ocrx_word' id='word_1_164' title='bbox 2050 2258 2372 2344; x_wconf 89' lang='lat' dir='ltr'>Meinung</span> <span class='ocrx_word' id='word_1_165' title='bbox 2408 2259 2693 2345; x_wconf 64' lang='lat' dir='ltr'>gewahrt</span> <span class='ocrx_word' id='word_1_166' title='bbox 2730 2260 2844 2325; x_wconf 84' lang='lat' dir='ltr'>der</span> <span class='ocrx_word' id='word_1_167' title='bbox 2875 2261 3109 2326; x_wconf 65' lang='lat' dir='ltr'>Prator</span> <span class='ocrx_word' id='word_1_168' title='bbox 3143 2263 3211 2327; x_wconf 92' lang='lat' dir='ltr'>in</span> 
     </span>
     <span class='ocr_line' id='line_1_17' title="bbox 329 2360 3212 2450; baseline 0.003 -27"><span class='ocrx_word' id='word_1_169' title='bbox 329 2361 561 2427; x_wconf 86' lang='lat' dir='ltr'>beiden</span> <span class='ocrx_word' id='word_1_170' title='bbox 607 2360 834 2426; x_wconf 65' lang='lat' dir='ltr'>Fallen</span> <span class='ocrx_word' id='word_1_171' title='bbox 877 2360 1570 2445; x_wconf 64' lang='lat' dir='ltr'>Priijudicialformelm</span> <span class='ocrx_word' id='word_1_172' title='bbox 1626 2362 1758 2426; x_wconf 89' lang='lat' dir='ltr'>und</span> <span class='ocrx_word' id='word_1_173' title='bbox 1804 2384 1975 2426; x_wconf 80' lang='lat' dir='ltr'>zwar</span> <span class='ocrx_word' id='word_1_174' title='bbox 2018 2361 2106 2425; x_wconf 88' lang='lat' dir='ltr'>im</span> <span class='ocrx_word' id='word_1_175' title='bbox 2154 2361 2642 2447; x_wconf 86' lang='lat' dir='ltr'>erstgedachten</span> <span class='ocrx_word' id='word_1_176' title='bbox 2687 2361 2832 2427; x_wconf 81' lang='lat' dir='ltr'>Fau</span> <span class='ocrx_word' id='word_1_177' title='bbox 2877 2364 2982 2429; x_wconf 89' lang='lat' dir='ltr'>ein</span> <span class='ocrx_word' id='word_1_178' title='bbox 3027 2387 3212 2450; x_wconf 84' lang='lat' dir='ltr'>prae-</span> 
     </span>
     <span class='ocr_line' id='line_1_18' title="bbox 331 2462 3209 2549; baseline 0.002 -22"><span class='ocrx_word' id='word_1_179' title='bbox 331 2462 635 2528; x_wconf 88' lang='lat' dir='ltr'>iudicium</span> <span class='ocrx_word' id='word_1_180' title='bbox 674 2487 808 2541; x_wconf 84' lang='lat' dir='ltr'>„an</span> <span class='ocrx_word' id='word_1_181' title='bbox 842 2463 1222 2549; x_wconf 84' lang='lat' dir='ltr'>Pamphilus</span> <span class='ocrx_word' id='word_1_182' title='bbox 1258 2464 1420 2530; x_wconf 83' lang='lat' dir='ltr'>liber</span> <span class='ocrx_word' id='word_1_183' title='bbox 1455 2464 1535 2529; x_wconf 90' lang='lat' dir='ltr'>sit</span> <span class='ocrx_word' id='word_1_184' title='bbox 1572 2469 1677 2546; x_wconf 86' lang='lat' dir='ltr'>(ex</span> <span class='ocrx_word' id='word_1_185' title='bbox 1713 2465 1850 2530; x_wconf 86' lang='lat' dir='ltr'>iure</span> <span class='ocrx_word' id='word_1_186' title='bbox 1882 2463 2368 2546; x_wconf 79' lang='lat' dir='ltr'>Quiritium⁵)“,</span> <span class='ocrx_word' id='word_1_187' title='bbox 2406 2464 2493 2528; x_wconf 89' lang='lat' dir='ltr'>im</span> <span class='ocrx_word' id='word_1_188' title='bbox 2531 2463 2799 2529; x_wconf 86' lang='lat' dir='ltr'>zweiten</span> <span class='ocrx_word' id='word_1_189' title='bbox 2828 2465 2931 2530; x_wconf 91' lang='lat' dir='ltr'>ein</span> <span class='ocrx_word' id='word_1_190' title='bbox 2960 2466 3209 2532; x_wconf 86' lang='lat' dir='ltr'>solches</span> 
     </span>
     <span class='ocr_line' id='line_1_19' title="bbox 332 2564 3208 2656; baseline 0.002 -26"><span class='ocrx_word' id='word_1_191' title='bbox 332 2565 491 2631; x_wconf 80' lang='lat' dir='ltr'>iiber</span> <span class='ocrx_word' id='word_1_192' title='bbox 526 2565 628 2631; x_wconf 88' lang='lat' dir='ltr'>die</span> <span class='ocrx_word' id='word_1_193' title='bbox 666 2565 898 2652; x_wconf 84' lang='lat' dir='ltr'>Frage,</span> <span class='ocrx_word' id='word_1_194' title='bbox 935 2566 1017 2631; x_wconf 95' lang='lat' dir='ltr'>ob</span> <span class='ocrx_word' id='word_1_195' title='bbox 1043 2564 1426 2653; x_wconf 81' lang='lat' dir='ltr'>Pamphilus</span> <span class='ocrx_word' id='word_1_196' title='bbox 1455 2565 1694 2633; x_wconf 87' lang='lat' dir='ltr'>Sklave</span> <span class='ocrx_word' id='word_1_197' title='bbox 1734 2566 1873 2648; x_wconf 89' lang='lat' dir='ltr'>(des</span> <span class='ocrx_word' id='word_1_198' title='bbox 1900 2567 2207 2653; x_wconf 64' lang='lat' dir='ltr'>magei-s&gt;</span> <span class='ocrx_word' id='word_1_199' title='bbox 2239 2565 2351 2643; x_wconf 88' lang='lat' dir='ltr'>sei,</span> <span class='ocrx_word' id='word_1_200' title='bbox 2379 2603 2462 2614; x_wconf 91' lang='lat'>—</span> <span class='ocrx_word' id='word_1_201' title='bbox 2490 2567 2556 2631; x_wconf 90' lang='lat' dir='ltr'>in</span> <span class='ocrx_word' id='word_1_202' title='bbox 2585 2566 2861 2633; x_wconf 80' lang='lat' dir='ltr'>welcher</span> <span class='ocrx_word' id='word_1_203' title='bbox 2886 2568 3208 2656; x_wconf 84' lang='lat' dir='ltr'>Fassung‚</span> 
     </span>
     <span class='ocr_line' id='line_1_20' title="bbox 335 2668 1658 2756; baseline 0.002 -24"><span class='ocrx_word' id='word_1_204' title='bbox 335 2668 610 2734; x_wconf 82' lang='lat' dir='ltr'>dariiber</span> <span class='ocrx_word' id='word_1_205' title='bbox 644 2668 786 2732; x_wconf 86' lang='lat' dir='ltr'>sind</span> <span class='ocrx_word' id='word_1_206' title='bbox 822 2668 925 2734; x_wconf 86' lang='lat' dir='ltr'>die</span> <span class='ocrx_word' id='word_1_207' title='bbox 960 2669 1321 2736; x_wconf 89' lang='lat' dir='ltr'>Ansichten</span> <span class='ocrx_word' id='word_1_208' title='bbox 1356 2670 1658 2756; x_wconf 70' lang='lat' dir='ltr'>geteiltss).</span> 
     </span>
    </p>
   </div>
   <div class='ocr_carea' id='block_1_6' title="bbox 504 2787 3213 2874">
    <p class='ocr_par' dir='ltr' id='par_1_6' title="bbox 504 2787 3213 2874">
     <span class='ocr_line' id='line_1_21' title="bbox 504 2787 3213 2874; baseline 0.001 -20"><span class='ocrx_word' id='word_1_209' title='bbox 504 2789 668 2855; x_wconf 86' lang='lat' dir='ltr'>Was</span> <span class='ocrx_word' id='word_1_210' title='bbox 702 2811 837 2852; x_wconf 90' lang='lat' dir='ltr'>nun</span> <span class='ocrx_word' id='word_1_211' title='bbox 873 2787 1183 2854; x_wconf 67' lang='lat' dir='ltr'>zunachst</span> <span class='ocrx_word' id='word_1_212' title='bbox 1207 2789 1394 2873; x_wconf 89' lang='lat' dir='ltr'>jenes</span> <span class='ocrx_word' id='word_1_213' title='bbox 1431 2801 1594 2855; x_wconf 84' lang='lat' dir='ltr'>erste</span> <span class='ocrx_word' id='word_1_214' title='bbox 1631 2788 2093 2874; x_wconf 84' lang='lat' dir='ltr'>praeiudicium</span> <span class='ocrx_word' id='word_1_215' title='bbox 2130 2788 2391 2866; x_wconf 84' lang='lat' dir='ltr'>betrifft,</span> <span class='ocrx_word' id='word_1_216' title='bbox 2429 2811 2501 2854; x_wconf 92' lang='lat' dir='ltr'>so</span> <span class='ocrx_word' id='word_1_217' title='bbox 2537 2788 2748 2856; x_wconf 87' lang='lat' dir='ltr'>haben</span> <span class='ocrx_word' id='word_1_218' title='bbox 2777 2790 2893 2855; x_wconf 81' lang='lat' dir='ltr'>wir</span> <span class='ocrx_word' id='word_1_219' title='bbox 2926 2789 3031 2856; x_wconf 78' lang='lat' dir='ltr'>fiir</span> <span class='ocrx_word' id='word_1_220' title='bbox 3067 2791 3213 2857; x_wconf 86' lang='lat' dir='ltr'>das-</span> 
     </span>
    </p>
   </div>
   <div class='ocr_carea' id='block_1_7' title="bbox 334 2888 3211 3060">
    <p class='ocr_par' dir='ltr' id='par_1_7' title="bbox 334 2888 3211 3060">
     <span class='ocr_line' id='line_1_22' title="bbox 334 2888 3211 2979; baseline 0.001 -23"><span class='ocrx_word' id='word_1_221' title='bbox 334 2890 510 2956; x_wconf 83' lang='lat' dir='ltr'>selbe</span> <span class='ocrx_word' id='word_1_222' title='bbox 547 2890 680 2956; x_wconf 88' lang='lat' dir='ltr'>drei</span> <span class='ocrx_word' id='word_1_223' title='bbox 719 2888 1361 2978; x_wconf 82' lang='lat' dir='ltr'>Quellenzeugnisse:</span> <span class='ocrx_word' id='word_1_224' title='bbox 1417 2891 1455 2976; x_wconf 64' lang='grc' dir='ltr'><strong>ἓ</strong></span> <span class='ocrx_word' id='word_1_225' title='bbox 1495 2892 1573 2957; x_wconf 88' lang='grc'>13</span> <span class='ocrx_word' id='word_1_226' title='bbox 1609 2891 1664 2956; x_wconf 93' lang='grc' dir='ltr'>Ι.</span> <span class='ocrx_word' id='word_1_227' title='bbox 1704 2892 1782 2958; x_wconf 88' lang='lat' dir='ltr'>de</span> <span class='ocrx_word' id='word_1_228' title='bbox 1819 2905 1942 2957; x_wconf 89' lang='lat' dir='ltr'>act.</span> <span class='ocrx_word' id='word_1_229' title='bbox 1982 2892 2067 2973; x_wconf 90' lang='lat'>(4.</span> <span class='ocrx_word' id='word_1_230' title='bbox 2106 2892 2192 2972; x_wconf 89' lang='grc'>6),</span> <span class='ocrx_word' id='word_1_231' title='bbox 2230 2890 2629 2979; x_wconf 88' lang='lat' dir='ltr'>Theophilus</span> <span class='ocrx_word' id='word_1_232' title='bbox 2668 2892 2751 2957; x_wconf 85' lang='lat' dir='ltr'>ad</span> <span class='ocrx_word' id='word_1_233' title='bbox 2785 2892 2849 2959; x_wconf 91' lang='lat' dir='ltr'>h.</span> <span class='ocrx_word' id='word_1_234' title='bbox 2887 2895 2960 2973; x_wconf 88' lang='lat'><strong>1.‚</strong></span> <span class='ocrx_word' id='word_1_235' title='bbox 2996 2893 3211 2961; x_wconf 85' lang='lat' dir='ltr'>Diocl.</span> 
     </span>
     <span class='ocr_line' id='line_1_23' title="bbox 335 2992 1100 3060; baseline -0.003 0"><span class='ocrx_word' id='word_1_236' title='bbox 335 3005 396 3060; x_wconf 88' lang='lat' dir='ltr'>et</span> <span class='ocrx_word' id='word_1_237' title='bbox 431 2994 703 3059; x_wconf 82' lang='lat' dir='ltr'>Maxim.</span> <span class='ocrx_word' id='word_1_238' title='bbox 743 3015 797 3058; x_wconf 87' lang='lat' dir='ltr'>c.</span> <span class='ocrx_word' id='word_1_239' title='bbox 836 2995 914 3058; x_wconf 88' lang='grc'>21</span> <span class='ocrx_word' id='word_1_240' title='bbox 955 2992 1017 3058; x_wconf 91' lang='lat' dir='ltr'>h.</span> <span class='ocrx_word' id='word_1_241' title='bbox 1055 3004 1100 3058; x_wconf 85' lang='lat' dir='ltr'>t.</span> 
     </span>
    </p>
   </div>
   <div class='ocr_carea' id='block_1_8' title="bbox 506 3105 3214 3499">
    <p class='ocr_par' dir='ltr' id='par_1_8' title="bbox 506 3105 3214 3499">
     <span class='ocr_line' id='line_1_24' title="bbox 506 3105 1567 3172; baseline 0 -2"><span class='ocrx_word' id='word_1_242' title='bbox 506 3105 636 3171; x_wconf 89' lang='lat' dir='ltr'>Die</span> <span class='ocrx_word' id='word_1_243' title='bbox 670 3105 1306 3172; x_wconf 85' lang='lat' dir='ltr'>Institutionenstelle</span> <span class='ocrx_word' id='word_1_244' title='bbox 1340 3106 1567 3172; x_wconf 84' lang='lat' dir='ltr'>lautet:</span> 
     </span>
     <span class='ocr_line' id='line_1_25' title="bbox 677 3206 3214 3297; baseline 0.002 -26"><span class='ocrx_word' id='word_1_245' title='bbox 677 3206 1176 3272; x_wconf 88' lang='lat' dir='ltr'>Praeiudiciales</span> <span class='ocrx_word' id='word_1_246' title='bbox 1225 3208 1506 3274; x_wconf 80' lang='lat' dir='ltr'>actiones</span> <span class='ocrx_word' id='word_1_247' title='bbox 1552 3208 1618 3272; x_wconf 86' lang='lat' dir='ltr'>in</span> <span class='ocrx_word' id='word_1_248' title='bbox 1663 3230 1797 3273; x_wconf 87' lang='lat' dir='ltr'>rem</span> <span class='ocrx_word' id='word_1_249' title='bbox 1847 3231 1987 3273; x_wconf 88' lang='lat' dir='ltr'>esse</span> <span class='ocrx_word' id='word_1_250' title='bbox 2033 3207 2360 3284; x_wconf 87' lang='lat' dir='ltr'>uidentur,</span> <span class='ocrx_word' id='word_1_251' title='bbox 2407 3208 2628 3292; x_wconf 89' lang='lat' dir='ltr'>quales</span> <span class='ocrx_word' id='word_1_252' title='bbox 2673 3220 2851 3286; x_wconf 85' lang='lat' dir='ltr'>sunt,</span> <span class='ocrx_word' id='word_1_253' title='bbox 2896 3233 3011 3296; x_wconf 84' lang='lat' dir='ltr'>per</span> <span class='ocrx_word' id='word_1_254' title='bbox 3053 3233 3214 3297; x_wconf 85' lang='lat' dir='ltr'>quas</span> 
     </span>
     <span class='ocr_line' id='line_1_26' title="bbox 678 3308 3212 3399; baseline 0.002 -25"><span class='ocrx_word' id='word_1_255' title='bbox 678 3308 1023 3394; x_wconf 84' lang='lat' dir='ltr'>quaeritur,</span> <span class='ocrx_word' id='word_1_256' title='bbox 1061 3333 1143 3374; x_wconf 89' lang='lat' dir='ltr'>an</span> <span class='ocrx_word' id='word_1_257' title='bbox 1181 3310 1409 3395; x_wconf 88' lang='lat' dir='ltr'>aliquis</span> <span class='ocrx_word' id='word_1_258' title='bbox 1446 3310 1608 3377; x_wconf 86' lang='lat' dir='ltr'>liber</span> <span class='ocrx_word' id='word_1_259' title='bbox 1642 3311 1748 3376; x_wconf 89' lang='lat' dir='ltr'>uel</span> <span class='ocrx_word' id='word_1_260' title='bbox 1776 3334 1859 3376; x_wconf 89' lang='lat' dir='ltr'>an</span> <span class='ocrx_word' id='word_1_261' title='bbox 1895 3311 2160 3377; x_wconf 87' lang='lat' dir='ltr'>libertus</span> <span class='ocrx_word' id='word_1_262' title='bbox 2192 3310 2291 3388; x_wconf 89' lang='lat' dir='ltr'>sit,</span> <span class='ocrx_word' id='word_1_263' title='bbox 2327 3309 2431 3375; x_wconf 91' lang='lat' dir='ltr'>uel</span> <span class='ocrx_word' id='word_1_264' title='bbox 2460 3309 2540 3375; x_wconf 90' lang='lat' dir='ltr'>de</span> <span class='ocrx_word' id='word_1_265' title='bbox 2568 3323 2754 3396; x_wconf 88' lang='lat' dir='ltr'>partu</span> <span class='ocrx_word' id='word_1_266' title='bbox 2782 3314 3212 3399; x_wconf 77' lang='lat' dir='ltr'>agnoscendo,</span> 
     </span>
     <span class='ocr_line' id='line_1_27' title="bbox 678 3411 3213 3499; baseline 0.002 -22"><span class='ocrx_word' id='word_1_267' title='bbox 678 3434 758 3477; x_wconf 87' lang='lat' dir='ltr'>ex</span> <span class='ocrx_word' id='word_1_268' title='bbox 794 3411 1028 3495; x_wconf 90' lang='lat' dir='ltr'>quibus</span> <span class='ocrx_word' id='word_1_269' title='bbox 1065 3411 1198 3478; x_wconf 86' lang='lat' dir='ltr'>fere</span> <span class='ocrx_word' id='word_1_270' title='bbox 1235 3436 1366 3478; x_wconf 90' lang='lat' dir='ltr'>una</span> <span class='ocrx_word' id='word_1_271' title='bbox 1399 3413 1510 3478; x_wconf 89' lang='lat' dir='ltr'>illa</span> <span class='ocrx_word' id='word_1_272' title='bbox 1544 3413 1893 3499; x_wconf 82' lang='lat' dir='ltr'>legitimam</span> <span class='ocrx_word' id='word_1_273' title='bbox 1931 3436 2188 3479; x_wconf 86' lang='lat' dir='ltr'>causam</span> <span class='ocrx_word' id='word_1_274' title='bbox 2226 3412 2447 3489; x_wconf 87' lang='lat' dir='ltr'>habet,</span> <span class='ocrx_word' id='word_1_275' title='bbox 2485 3436 2601 3498; x_wconf 87' lang='lat' dir='ltr'>per</span> <span class='ocrx_word' id='word_1_276' title='bbox 2635 3434 2827 3497; x_wconf 86' lang='lat' dir='ltr'>quam</span> <span class='ocrx_word' id='word_1_277' title='bbox 2865 3416 3213 3498; x_wconf 86' lang='lat' dir='ltr'>quaeritur,</span> 
     </span>
    </p>
   </div>
   <div class='ocr_carea' id='block_1_9' title="bbox 679 3514 3215 3703">
    <p class='ocr_par' dir='ltr' id='par_1_9' title="bbox 679 3514 3215 3703">
     <span class='ocr_line' id='line_1_28' title="bbox 679 3514 3215 3602; baseline 0.002 -24"><span class='ocrx_word' id='word_1_278' title='bbox 679 3537 762 3578; x_wconf 91' lang='lat' dir='ltr'>an</span> <span class='ocrx_word' id='word_1_279' title='bbox 805 3514 1033 3598; x_wconf 86' lang='lat' dir='ltr'>aliquis</span> <span class='ocrx_word' id='word_1_280' title='bbox 1078 3515 1240 3581; x_wconf 85' lang='lat' dir='ltr'>liber</span> <span class='ocrx_word' id='word_1_281' title='bbox 1284 3515 1394 3580; x_wconf 84' lang='lat' dir='ltr'>sit:</span> <span class='ocrx_word' id='word_1_282' title='bbox 1449 3527 1698 3582; x_wconf 87' lang='lat' dir='ltr'>ceterae</span> <span class='ocrx_word' id='word_1_283' title='bbox 1744 3538 1824 3581; x_wconf 85' lang='lat' dir='ltr'>ex</span> <span class='ocrx_word' id='word_1_284' title='bbox 1867 3516 2067 3602; x_wconf 89' lang='lat' dir='ltr'>ipsius</span> <span class='ocrx_word' id='word_1_285' title='bbox 2104 3515 2411 3601; x_wconf 88' lang='lat' dir='ltr'>praetoris</span> <span class='ocrx_word' id='word_1_286' title='bbox 2448 3514 2880 3582; x_wconf 88' lang='lat' dir='ltr'>iurisdictione</span> <span class='ocrx_word' id='word_1_287' title='bbox 2917 3518 3215 3584; x_wconf 82' lang='lat' dir='ltr'>substan-</span> 
     </span>
     <span class='ocr_line' id='line_1_29' title="bbox 679 3616 1148 3703; baseline 0.002 -22"><span class='ocrx_word' id='word_1_288' title='bbox 679 3616 833 3681; x_wconf 85' lang='lat' dir='ltr'>tiam</span> <span class='ocrx_word' id='word_1_289' title='bbox 871 3617 1148 3703; x_wconf 87' lang='lat' dir='ltr'>capiunt.</span> 
     </span>
    </p>
   </div>
   <div class='ocr_carea' id='block_1_10' title="bbox 336 3726 3216 4645">
    <p class='ocr_par' dir='ltr' id='par_1_10' title="bbox 338 3726 3214 4029">
     <span class='ocr_line' id='line_1_30' title="bbox 507 3726 3214 3815; baseline 0.002 -22"><span class='ocrx_word' id='word_1_290' title='bbox 507 3726 903 3814; x_wconf 88' lang='lat' dir='ltr'>Theophilus</span> <span class='ocrx_word' id='word_1_291' title='bbox 940 3727 1243 3815; x_wconf 76' lang='lat' dir='ltr'>best‘atigt</span> <span class='ocrx_word' id='word_1_292' title='bbox 1280 3728 1396 3794; x_wconf 87' lang='lat' dir='ltr'>das</span> <span class='ocrx_word' id='word_1_293' title='bbox 1434 3727 1572 3795; x_wconf 88' lang='lat' dir='ltr'>hier</span> <span class='ocrx_word' id='word_1_294' title='bbox 1609 3727 1895 3815; x_wconf 88' lang='lat' dir='ltr'>Gesagte</span> <span class='ocrx_word' id='word_1_295' title='bbox 1939 3729 2072 3794; x_wconf 86' lang='lat' dir='ltr'>und</span> <span class='ocrx_word' id='word_1_296' title='bbox 2117 3730 2257 3815; x_wconf 89' lang='lat' dir='ltr'>gibt</span> <span class='ocrx_word' id='word_1_297' title='bbox 2300 3729 2592 3815; x_wconf 89' lang='lat' dir='ltr'>zugleich</span> <span class='ocrx_word' id='word_1_298' title='bbox 2643 3730 2744 3796; x_wconf 90' lang='lat' dir='ltr'>‹lie</span> <span class='ocrx_word' id='word_1_299' title='bbox 2790 3730 3056 3797; x_wconf 86' lang='lat' dir='ltr'>intentio</span> <span class='ocrx_word' id='word_1_300' title='bbox 3102 3731 3214 3811; x_wconf 80' lang='grc' dir='ltr'><em>,,εἷ</em></span> 
     </span>
     <span class='ocr_line' id='line_1_31' title="bbox 338 3826 1418 3917; baseline 0.003 -23"><span class='ocrx_word' id='word_1_301' title='bbox 338 3835 644 3917; x_wconf 73' lang='grc' dir='ltr'><strong><em>φαίνεται</em></strong></span> <span class='ocrx_word' id='word_1_302' title='bbox 679 3834 764 3912; x_wconf 83' lang='grc' dir='ltr'>μέ</span> <span class='ocrx_word' id='word_1_303' title='bbox 800 3827 1147 3917; x_wconf 66' lang='grc' dir='ltr'><strong><em>ἐλεύθερον</em></strong></span> <span class='ocrx_word' id='word_1_304' title='bbox 1185 3826 1418 3897; x_wconf 78' lang='grc' dir='ltr'><strong>εἶναι.“</strong></span> 
     </span>
     <span class='ocr_line' id='line_1_32' title="bbox 437 3939 1431 4029; baseline 0.001 -23"><span class='ocrx_word' id='word_1_305' title='bbox 437 3967 447 3976; x_wconf 89' lang='grc'><em>·</em></span> <span class='ocrx_word' id='word_1_306' title='bbox 510 3939 588 4007; x_wconf 88' lang='lat' dir='ltr'><strong>C.</strong></span> <span class='ocrx_word' id='word_1_307' title='bbox 626 3943 702 4006; x_wconf 85' lang='grc'>21</span> <span class='ocrx_word' id='word_1_308' title='bbox 746 3943 851 4007; x_wconf 88' lang='lat' dir='ltr'>cit.</span> <span class='ocrx_word' id='word_1_309' title='bbox 887 3943 1140 4008; x_wconf 88' lang='lat' dir='ltr'>endlich</span> <span class='ocrx_word' id='word_1_310' title='bbox 1179 3943 1431 4029; x_wconf 86' lang='lat' dir='ltr'>besagt:</span> 
     </span>
    </p>

    <p class='ocr_par' dir='ltr' id='par_1_11' title="bbox 680 4043 3215 4133">
     <span class='ocr_line' id='line_1_33' title="bbox 680 4043 3215 4133; baseline 0.003 -25"><span class='ocrx_word' id='word_1_311' title='bbox 680 4044 878 4121; x_wconf 86' lang='lat' dir='ltr'>Eam,</span> <span class='ocrx_word' id='word_1_312' title='bbox 922 4066 1089 4129; x_wconf 88' lang='lat' dir='ltr'>quae</span> <span class='ocrx_word' id='word_1_313' title='bbox 1133 4045 1199 4109; x_wconf 90' lang='lat' dir='ltr'>in</span> <span class='ocrx_word' id='word_1_314' title='bbox 1244 4045 1643 4131; x_wconf 88' lang='lat' dir='ltr'>possessione</span> <span class='ocrx_word' id='word_1_315' title='bbox 1689 4043 2000 4110; x_wconf 83' lang='lat' dir='ltr'>libertatis</span> <span class='ocrx_word' id='word_1_316' title='bbox 2035 4066 2164 4109; x_wconf 88' lang='lat' dir='ltr'>non</span> <span class='ocrx_word' id='word_1_317' title='bbox 2201 4044 2336 4110; x_wconf 90' lang='lat' dir='ltr'>sine</span> <span class='ocrx_word' id='word_1_318' title='bbox 2375 4044 2520 4110; x_wconf 89' lang='lat' dir='ltr'>dolo</span> <span class='ocrx_word' id='word_1_319' title='bbox 2558 4046 2726 4111; x_wconf 87' lang='lat' dir='ltr'>malo</span> <span class='ocrx_word' id='word_1_320' title='bbox 2763 4048 3102 4133; x_wconf 87' lang='lat' dir='ltr'>reperitur,</span> <span class='ocrx_word' id='word_1_321' title='bbox 3147 4051 3215 4117; x_wconf 91' lang='lat' dir='ltr'>in</span> 
     </span>
    </p>

    <p class='ocr_par' dir='ltr' id='par_1_12' title="bbox 682 4146 3216 4238">
     <span class='ocr_line' id='line_1_34' title="bbox 682 4146 3216 4238; baseline 0.002 -26"><span class='ocrx_word' id='word_1_322' title='bbox 682 4147 1052 4214; x_wconf 82' lang='lat' dir='ltr'>seruitutem</span> <span class='ocrx_word' id='word_1_323' title='bbox 1090 4146 1470 4213; x_wconf 83' lang='lat' dir='ltr'>constitutae</span> <span class='ocrx_word' id='word_1_324' title='bbox 1508 4147 1711 4214; x_wconf 87' lang='lat' dir='ltr'>simile</span> <span class='ocrx_word' id='word_1_325' title='bbox 1748 4147 1985 4212; x_wconf 83' lang='lat' dir='ltr'>habere</span> <span class='ocrx_word' id='word_1_326' title='bbox 2021 4147 2479 4233; x_wconf 87' lang='lat' dir='ltr'>praeiudicium</span> <span class='ocrx_word' id='word_1_327' title='bbox 2517 4148 2724 4215; x_wconf 84' lang='lat' dir='ltr'>edicto</span> <span class='ocrx_word' id='word_1_328' title='bbox 2761 4163 3071 4238; x_wconf 87' lang='lat' dir='ltr'>perpetuo</span> <span class='ocrx_word' id='word_1_329' title='bbox 3108 4154 3216 4231; x_wconf 87' lang='lat' dir='ltr'>„si</span> 
     </span>
    </p>

    <p class='ocr_par' dir='ltr' id='par_1_13' title="bbox 680 4249 3215 4338">
     <span class='ocr_line' id='line_1_35' title="bbox 680 4249 3215 4338; baseline 0.003 -24"><span class='ocrx_word' id='word_1_330' title='bbox 680 4251 1112 4316; x_wconf 83' lang='lat' dir='ltr'>controuersia</span> <span class='ocrx_word' id='word_1_331' title='bbox 1165 4251 1311 4327; x_wconf 89' lang='lat' dir='ltr'>erit,</span> <span class='ocrx_word' id='word_1_332' title='bbox 1372 4261 1586 4315; x_wconf 84' lang='lat' dir='ltr'>utrum</span> <span class='ocrx_word' id='word_1_333' title='bbox 1642 4273 1723 4317; x_wconf 85' lang='lat' dir='ltr'>ex</span> <span class='ocrx_word' id='word_1_334' title='bbox 1777 4250 2082 4316; x_wconf 85' lang='lat' dir='ltr'>seruitute</span> <span class='ocrx_word' id='word_1_335' title='bbox 2143 4249 2210 4313; x_wconf 91' lang='lat' dir='ltr'>in</span> <span class='ocrx_word' id='word_1_336' title='bbox 2270 4250 2628 4316; x_wconf 86' lang='lat' dir='ltr'>libertatem</span> <span class='ocrx_word' id='word_1_337' title='bbox 2692 4264 2947 4338; x_wconf 84' lang='lat' dir='ltr'>petatur</span> <span class='ocrx_word' id='word_1_338' title='bbox 2998 4279 3079 4321; x_wconf 89' lang='lat' dir='ltr'>an</span> <span class='ocrx_word' id='word_1_339' title='bbox 3135 4278 3215 4321; x_wconf 86' lang='lat' dir='ltr'>ex</span> 
     </span>
    </p>

    <p class='ocr_par' dir='ltr' id='par_1_14' title="bbox 336 4352 3216 4645">
     <span class='ocr_line' id='line_1_36' title="bbox 680 4352 2852 4440; baseline 0.001 -23"><span class='ocrx_word' id='word_1_340' title='bbox 680 4352 969 4418; x_wconf 84' lang='lat' dir='ltr'>libertate</span> <span class='ocrx_word' id='word_1_341' title='bbox 1006 4353 1069 4417; x_wconf 91' lang='lat' dir='ltr'>in</span> <span class='ocrx_word' id='word_1_342' title='bbox 1107 4352 1533 4419; x_wconf 84' lang='lat' dir='ltr'>seruitutem“</span> <span class='ocrx_word' id='word_1_343' title='bbox 1572 4353 1670 4418; x_wconf 89' lang='lat' dir='ltr'>sui</span> <span class='ocrx_word' id='word_1_344' title='bbox 1707 4353 2120 4438; x_wconf 85' lang='lat' dir='ltr'>conceptione</span> <span class='ocrx_word' id='word_1_345' title='bbox 2156 4353 2491 4419; x_wconf 86' lang='lat' dir='ltr'>manifeste</span> <span class='ocrx_word' id='word_1_346' title='bbox 2527 4355 2852 4440; x_wconf 85' lang='lat' dir='ltr'>probatur.</span> 
     </span>
     <span class='ocr_line' id='line_1_37' title="bbox 337 4453 3216 4545; baseline 0.002 -29"><span class='ocrx_word' id='word_1_347' title='bbox 337 4453 465 4518; x_wconf 82' lang='lat' dir='ltr'>Mit</span> <span class='ocrx_word' id='word_1_348' title='bbox 511 4454 656 4520; x_wconf 88' lang='lat' dir='ltr'>‹lem</span> <span class='ocrx_word' id='word_1_349' title='bbox 702 4455 839 4520; x_wconf 89' lang='lat' dir='ltr'>hier</span> <span class='ocrx_word' id='word_1_350' title='bbox 881 4467 1248 4541; x_wconf 86' lang='lat' dir='ltr'>genannten</span> <span class='ocrx_word' id='word_1_351' title='bbox 1291 4455 1734 4539; x_wconf 67' lang='lat' dir='ltr'>Prajudieium</span> <span class='ocrx_word' id='word_1_352' title='bbox 1778 4455 1951 4520; x_wconf 84' lang='lat' dir='ltr'>kann</span> <span class='ocrx_word' id='word_1_353' title='bbox 1998 4456 2313 4521; x_wconf 80' lang='lat' dir='ltr'>natiirlich</span> <span class='ocrx_word' id='word_1_354' title='bbox 2367 4479 2491 4520; x_wconf 87' lang='lat' dir='ltr'>nur</span> <span class='ocrx_word' id='word_1_355' title='bbox 2543 4456 2872 4545; x_wconf 80' lang='lat' dir='ltr'>dasjenige</span> <span class='ocrx_word' id='word_1_356' title='bbox 2926 4484 3008 4523; x_wconf 81' lang='lat' dir='ltr'>an</span> <span class='ocrx_word' id='word_1_357' title='bbox 3065 4461 3216 4524; x_wconf 81' lang='lat' dir='ltr'>liber</span> 
     </span>
     <span class='ocr_line' id='line_1_38' title="bbox 336 4557 3213 4645; baseline 0.002 -26"><span class='ocrx_word' id='word_1_358' title='bbox 336 4560 415 4620; x_wconf 70' lang='lat' dir='ltr'>sit</span> <span class='ocrx_word' id='word_1_359' title='bbox 476 4557 755 4643; x_wconf 87' lang='lat' dir='ltr'>gemeint</span> <span class='ocrx_word' id='word_1_360' title='bbox 821 4558 985 4623; x_wconf 87' lang='lat' dir='ltr'>sein:</span> <span class='ocrx_word' id='word_1_361' title='bbox 1049 4557 1164 4624; x_wconf 84' lang='lat' dir='ltr'>der</span> <span class='ocrx_word' id='word_1_362' title='bbox 1216 4558 1397 4623; x_wconf 92' lang='lat' dir='ltr'>dolos</span> <span class='ocrx_word' id='word_1_363' title='bbox 1452 4558 1738 4645; x_wconf 85' lang='lat' dir='ltr'>erlangte</span> <span class='ocrx_word' id='word_1_364' title='bbox 1791 4557 2009 4624; x_wconf 84' lang='lat' dir='ltr'>Besitz</span> <span class='ocrx_word' id='word_1_365' title='bbox 2066 4558 2181 4623; x_wconf 86' lang='lat' dir='ltr'>der</span> <span class='ocrx_word' id='word_1_366' title='bbox 2234 4558 2518 4625; x_wconf 87' lang='lat' dir='ltr'>Freiheit</span> <span class='ocrx_word' id='word_1_367' title='bbox 2571 4560 2795 4625; x_wconf 73' lang='lat' dir='ltr'>{indert</span> <span class='ocrx_word' id='word_1_368' title='bbox 2846 4560 3012 4625; x_wconf 86' lang='lat' dir='ltr'>nach</span> <span class='ocrx_word' id='word_1_369' title='bbox 3068 4560 3213 4626; x_wconf 86' lang='lat' dir='ltr'>dem</span> 
     </span>
    </p>
   </div>
   <div class='ocr_carea' id='block_1_11' title="bbox 407 4809 3215 4883">
    <p class='ocr_par' dir='ltr' id='par_1_15' title="bbox 407 4809 3215 4883">
     <span class='ocr_line' id='line_1_39' title="bbox 407 4809 3215 4883; baseline 0 -18"><span class='ocrx_word' id='word_1_370' title='bbox 407 4812 455 4877; x_wconf 87' lang='lat'>1)</span> <span class='ocrx_word' id='word_1_371' title='bbox 481 4810 572 4866; x_wconf 84' lang='lat' dir='ltr'><strong>Fr.</strong></span> <span class='ocrx_word' id='word_1_372' title='bbox 609 4812 658 4879; x_wconf 90' lang='lat'>1,</span> <span class='ocrx_word' id='word_1_373' title='bbox 692 4811 744 4879; x_wconf 89' lang='lat'>3,</span> <span class='ocrx_word' id='word_1_374' title='bbox 778 4812 829 4878; x_wconf 83' lang='lat'>5,</span> <span class='ocrx_word' id='word_1_375' title='bbox 865 4811 895 4864; x_wconf 84' lang='lat'><strong>7</strong></span> <span class='ocrx_word' id='word_1_376' title='bbox 937 4811 989 4865; x_wconf 89' lang='lat' dir='ltr'>b.</span> <span class='ocrx_word' id='word_1_377' title='bbox 1021 4817 1080 4879; x_wconf 87' lang='lat' dir='ltr'>t.,</span> <span class='ocrx_word' id='word_1_378' title='bbox 1125 4811 1192 4867; x_wconf 85' lang='lat' dir='ltr'><strong>fr.</strong></span> <span class='ocrx_word' id='word_1_379' title='bbox 1228 4812 1296 4866; x_wconf 82' lang='lat'>12</span> <span class='ocrx_word' id='word_1_380' title='bbox 1330 4813 1399 4868; x_wconf 88' lang='lat' dir='ltr'>de</span> <span class='ocrx_word' id='word_1_381' title='bbox 1433 4812 1737 4883; x_wconf 82' lang='lat' dir='ltr'>quaestion.</span> <span class='ocrx_word' id='word_1_382' title='bbox 1878 4813 1931 4881; x_wconf 88' lang='lat'>6)</span> <span class='ocrx_word' id='word_1_383' title='bbox 1957 4811 2711 4883; x_wconf 80' lang='lat' dir='ltr'>Bethmann·Hollweg‚</span> <span class='ocrx_word' id='word_1_384' title='bbox 2747 4809 2806 4867; x_wconf 79' lang='lat' dir='ltr'><strong>O.</strong></span> <span class='ocrx_word' id='word_1_385' title='bbox 2832 4811 2896 4867; x_wconf 92' lang='lat' dir='ltr'>P.</span> <span class='ocrx_word' id='word_1_386' title='bbox 2924 4812 2979 4865; x_wconf 89' lang='grc' dir='ltr'>ΙΙ</span> <span class='ocrx_word' id='word_1_387' title='bbox 3006 4810 3059 4867; x_wconf 89' lang='lat' dir='ltr'>S.</span> <span class='ocrx_word' id='word_1_388' title='bbox 3086 4814 3215 4867; x_wconf 79' lang='lat'>335:</span> 
     </span>
    </p>
   </div>
   <div class='ocr_carea' id='block_1_12' title="bbox 336 4886 3215 5268">
    <p class='ocr_par' dir='ltr' id='par_1_16' title="bbox 336 4886 3215 5268">
     <span class='ocr_line' id='line_1_40' title="bbox 336 4886 3214 4959; baseline 0.001 -19"><span class='ocrx_word' id='word_1_389' title='bbox 336 4887 436 4951; x_wconf 78' lang='lat'><strong>(48.</strong></span> <span class='ocrx_word' id='word_1_390' title='bbox 465 4888 569 4956; x_wconf 84' lang='grc'><strong>18),</strong></span> <span class='ocrx_word' id='word_1_391' title='bbox 595 4886 662 4942; x_wconf 85' lang='lat' dir='ltr'><strong>fr.</strong></span> <span class='ocrx_word' id='word_1_392' title='bbox 692 4888 722 4941; x_wconf 84' lang='lat'><strong>7</strong></span> <span class='ocrx_word' id='word_1_393' title='bbox 748 4887 818 4941; x_wconf 89' lang='lat' dir='ltr'>de</span> <span class='ocrx_word' id='word_1_394' title='bbox 842 4887 962 4942; x_wconf 85' lang='lat' dir='ltr'>iure</span> <span class='ocrx_word' id='word_1_395' title='bbox 988 4887 1108 4943; x_wconf 87' lang='lat' dir='ltr'>fisci</span> <span class='ocrx_word' id='word_1_396' title='bbox 1132 4889 1238 4956; x_wconf 84' lang='lat'><strong>(49.</strong></span> <span class='ocrx_word' id='word_1_397' title='bbox 1267 4890 1368 4959; x_wconf 84' lang='grc'><strong>14).</strong></span> <span class='ocrx_word' id='word_1_398' title='bbox 1810 4907 1851 4943; x_wconf 72' lang='grc' dir='ltr'><strong>Β.</strong></span> <span class='ocrx_word' id='word_1_399' title='bbox 1888 4906 1943 4959; x_wconf 90' lang='lat' dir='ltr'>p.</span> <span class='ocrx_word' id='word_1_400' title='bbox 1979 4888 2191 4943; x_wconf 88' lang='lat' dir='ltr'>Titium</span> <span class='ocrx_word' id='word_1_401' title='bbox 2226 4904 2446 4942; x_wconf 86' lang='lat' dir='ltr'>seruum</span> <span class='ocrx_word' id='word_1_402' title='bbox 2478 4889 2549 4942; x_wconf 83' lang='lat' dir='ltr'>Ai</span> <span class='ocrx_word' id='word_1_403' title='bbox 2574 4889 2647 4942; x_wconf 79' lang='lat' dir='ltr'>Ai</span> <span class='ocrx_word' id='word_1_404' title='bbox 2681 4904 2817 4942; x_wconf 82' lang='lat' dir='ltr'>esse.</span> <span class='ocrx_word' id='word_1_405' title='bbox 2896 4888 3214 4959; x_wconf 83' lang='lat' dir='ltr'>Rudorff,</span> 
     </span>
     <span class='ocr_line' id='line_1_41' title="bbox 403 4964 3210 5037; baseline 0.002 -20"><span class='ocrx_word' id='word_1_406' title='bbox 403 4964 458 5030; x_wconf 75' lang='lat'>2)</span> <span class='ocrx_word' id='word_1_407' title='bbox 483 4964 572 5019; x_wconf 81' lang='lat' dir='ltr'><strong>Fr.</strong></span> <span class='ocrx_word' id='word_1_408' title='bbox 598 4965 669 5018; x_wconf 80' lang='lat'>23</span> <span class='ocrx_word' id='word_1_409' title='bbox 691 4965 744 5019; x_wconf 90' lang='lat' dir='ltr'>b.</span> <span class='ocrx_word' id='word_1_410' title='bbox 769 4969 808 5019; x_wconf 88' lang='lat' dir='ltr'>t.</span> <span class='ocrx_word' id='word_1_411' title='bbox 1807 4966 1871 5019; x_wconf 81' lang='lat' dir='ltr'><strong>E.</strong></span> <span class='ocrx_word' id='word_1_412' title='bbox 1913 4965 1979 5019; x_wconf 88' lang='lat' dir='ltr'>P.</span> <span class='ocrx_word' id='word_1_413' title='bbox 2026 4966 2056 5036; x_wconf 66' lang='grc' dir='ltr'><strong>ς</strong></span> <span class='ocrx_word' id='word_1_414' title='bbox 2098 4967 2226 5019; x_wconf 78' lang='lat'><strong>179:</strong></span> <span class='ocrx_word' id='word_1_415' title='bbox 2271 4983 2313 5020; x_wconf 79' lang='lat' dir='ltr'>s.</span> <span class='ocrx_word' id='word_1_416' title='bbox 2355 4983 2409 5036; x_wconf 89' lang='lat' dir='ltr'>p.</span> <span class='ocrx_word' id='word_1_417' title='bbox 2451 4966 2608 5019; x_wconf 87' lang='lat' dir='ltr'>illum</span> <span class='ocrx_word' id='word_1_418' title='bbox 2649 4964 2927 5020; x_wconf 87' lang='lat' dir='ltr'>hominem</span> <span class='ocrx_word' id='word_1_419' title='bbox 2968 4983 3020 5037; x_wconf 88' lang='lat' dir='ltr'><strong>q.</strong></span> <span class='ocrx_word' id='word_1_420' title='bbox 3066 4968 3116 5022; x_wconf 93' lang='lat' dir='ltr'>d.</span> <span class='ocrx_word' id='word_1_421' title='bbox 3162 4983 3210 5022; x_wconf 83' lang='lat' dir='ltr'>a.</span> 
     </span>
     <span class='ocr_line' id='line_1_42' title="bbox 405 5041 3215 5113; baseline 0.002 -19"><span class='ocrx_word' id='word_1_422' title='bbox 405 5042 458 5105; x_wconf 86' lang='lat'>3)</span> <span class='ocrx_word' id='word_1_423' title='bbox 484 5041 572 5096; x_wconf 84' lang='lat' dir='ltr'><strong>Fr.</strong></span> <span class='ocrx_word' id='word_1_424' title='bbox 599 5042 650 5110; x_wconf 80' lang='lat'>2,</span> <span class='ocrx_word' id='word_1_425' title='bbox 675 5041 728 5111; x_wconf 84' lang='lat'>4,</span> <span class='ocrx_word' id='word_1_426' title='bbox 753 5042 786 5095; x_wconf 88' lang='grc'><strong>6</strong></span> <span class='ocrx_word' id='word_1_427' title='bbox 810 5041 862 5096; x_wconf 87' lang='lat' dir='ltr'>h.</span> <span class='ocrx_word' id='word_1_428' title='bbox 888 5047 951 5111; x_wconf 88' lang='lat' dir='ltr'>t.,</span> <span class='ocrx_word' id='word_1_429' title='bbox 976 5041 1044 5096; x_wconf 85' lang='lat' dir='ltr'><strong>fr.</strong></span> <span class='ocrx_word' id='word_1_430' title='bbox 1072 5043 1139 5096; x_wconf 86' lang='lat'>13</span> <span class='ocrx_word' id='word_1_431' title='bbox 1162 5043 1233 5097; x_wconf 87' lang='lat' dir='ltr'>ad</span> <span class='ocrx_word' id='word_1_432' title='bbox 1261 5042 1443 5098; x_wconf 82' lang='lat' dir='ltr'>exhib.</span> <span class='ocrx_word' id='word_1_433' title='bbox 1470 5044 1571 5112; x_wconf 87' lang='grc'><strong>(10.</strong></span> <span class='ocrx_word' id='word_1_434' title='bbox 1596 5044 1665 5111; x_wconf 85' lang='grc'><strong>4).</strong></span> <span class='ocrx_word' id='word_1_435' title='bbox 1808 5058 2030 5097; x_wconf 82' lang='lat' dir='ltr'>seruum</span> <span class='ocrx_word' id='word_1_436' title='bbox 2063 5058 2199 5096; x_wconf 80' lang='lat' dir='ltr'>esse.</span> <span class='ocrx_word' id='word_1_437' title='bbox 2282 5042 2549 5097; x_wconf 76' lang='lat' dir='ltr'>Offenbar</span> <span class='ocrx_word' id='word_1_438' title='bbox 2582 5059 2673 5097; x_wconf 85' lang='lat' dir='ltr'>am</span> <span class='ocrx_word' id='word_1_439' title='bbox 2705 5043 3215 5113; x_wconf 82' lang='lat' dir='ltr'>anspreehendsten</span> 
     </span>
     <span class='ocr_line' id='line_1_43' title="bbox 405 5117 3214 5193; baseline 0.002 -21"><span class='ocrx_word' id='word_1_440' title='bbox 405 5118 459 5183; x_wconf 86' lang='grc'>4)</span> <span class='ocrx_word' id='word_1_441' title='bbox 483 5117 573 5173; x_wconf 78' lang='lat' dir='ltr'><strong>Fr.</strong></span> <span class='ocrx_word' id='word_1_442' title='bbox 600 5119 633 5173; x_wconf 91' lang='lat'>6</span> <span class='ocrx_word' id='word_1_443' title='bbox 657 5134 727 5172; x_wconf 88' lang='lat' dir='ltr'>ne</span> <span class='ocrx_word' id='word_1_444' title='bbox 754 5118 887 5188; x_wconf 88' lang='lat' dir='ltr'>quid</span> <span class='ocrx_word' id='word_1_445' title='bbox 912 5118 968 5172; x_wconf 90' lang='lat' dir='ltr'>in</span> <span class='ocrx_word' id='word_1_446' title='bbox 993 5119 1114 5174; x_wconf 88' lang='lat' dir='ltr'>loeo</span> <span class='ocrx_word' id='word_1_447' title='bbox 1138 5119 1288 5191; x_wconf 84' lang='lat' dir='ltr'>publ.</span> <span class='ocrx_word' id='word_1_448' title='bbox 1315 5120 1417 5189; x_wconf 79' lang='lat'><strong>(43.</strong></span> <span class='ocrx_word' id='word_1_449' title='bbox 1442 5121 1511 5190; x_wconf 89' lang='grc'><strong>8).</strong></span> <span class='ocrx_word' id='word_1_450' title='bbox 1807 5118 2105 5187; x_wconf 85' lang='lat' dir='ltr'>Bekker‚</span> <span class='ocrx_word' id='word_1_451' title='bbox 2130 5118 2416 5173; x_wconf 85' lang='lat' dir='ltr'>Aktionen</span> <span class='ocrx_word' id='word_1_452' title='bbox 2440 5120 2467 5174; x_wconf 93' lang='lat'><em>1</em></span> <span class='ocrx_word' id='word_1_453' title='bbox 2495 5120 2548 5174; x_wconf 86' lang='lat' dir='ltr'><strong>S.</strong></span> <span class='ocrx_word' id='word_1_454' title='bbox 2576 5120 2678 5174; x_wconf 68' lang='lat'>284</span> <span class='ocrx_word' id='word_1_455' title='bbox 2703 5138 2756 5174; x_wconf 89' lang='lat' dir='ltr'>n.</span> <span class='ocrx_word' id='word_1_456' title='bbox 2781 5121 2876 5175; x_wconf 78' lang='lat'>29:</span> <span class='ocrx_word' id='word_1_457' title='bbox 2902 5139 2942 5177; x_wconf 82' lang='lat' dir='ltr'>s.</span> <span class='ocrx_word' id='word_1_458' title='bbox 2968 5139 3022 5193; x_wconf 92' lang='lat' dir='ltr'>p.</span> <span class='ocrx_word' id='word_1_459' title='bbox 3048 5122 3214 5177; x_wconf 82' lang='lat' dir='ltr'>Pam·</span> 
     </span>
     <span class='ocr_line' id='line_1_44' title="bbox 407 5194 2409 5268; baseline 0.002 -20"><span class='ocrx_word' id='word_1_460' title='bbox 407 5196 459 5261; x_wconf 77' lang='lat'>5)</span> <span class='ocrx_word' id='word_1_461' title='bbox 486 5195 598 5250; x_wconf 84' lang='lat' dir='ltr'>Cic.</span> <span class='ocrx_word' id='word_1_462' title='bbox 623 5212 726 5267; x_wconf 87' lang='lat' dir='ltr'>pro</span> <span class='ocrx_word' id='word_1_463' title='bbox 751 5194 910 5250; x_wconf 82' lang='lat' dir='ltr'>Caco.</span> <span class='ocrx_word' id='word_1_464' title='bbox 938 5212 983 5250; x_wconf 87' lang='lat' dir='ltr'>c.</span> <span class='ocrx_word' id='word_1_465' title='bbox 1009 5197 1078 5251; x_wconf 89' lang='lat'>33</span> <span class='ocrx_word' id='word_1_466' title='bbox 1103 5197 1132 5267; x_wconf 67' lang='grc' dir='ltr'><strong>ξ</strong></span> <span class='ocrx_word' id='word_1_467' title='bbox 1156 5197 1238 5252; x_wconf 89' lang='grc'><strong>96.</strong></span> <span class='ocrx_word' id='word_1_468' title='bbox 1807 5197 2021 5268; x_wconf 87' lang='lat' dir='ltr'>philum</span> <span class='ocrx_word' id='word_1_469' title='bbox 2046 5195 2245 5268; x_wconf 81' lang='lat' dir='ltr'>Agerii</span> <span class='ocrx_word' id='word_1_470' title='bbox 2271 5213 2409 5253; x_wconf 81' lang='lat' dir='ltr'>esse.</span> 
     </span>
    </p>
   </div>
   <div class='ocr_carea' id='block_1_13' title="bbox 443 5287 2785 5353">
    <p class='ocr_par' dir='ltr' id='par_1_17' title="bbox 443 5287 2785 5353">
     <span class='ocr_line' id='line_1_45' title="bbox 443 5287 2785 5353; baseline 0.005 -13"><span class='ocrx_word' id='word_1_471' title='bbox 443 5300 517 5341; x_wconf 83' lang='lat' dir='ltr'>Le</span> <span class='ocrx_word' id='word_1_472' title='bbox 528 5312 558 5341; x_wconf 87' lang='lat' dir='ltr'>n</span> <span class='ocrx_word' id='word_1_473' title='bbox 570 5301 618 5342; x_wconf 83' lang='lat' dir='ltr'>el</span> <span class='ocrx_word' id='word_1_474' title='bbox 631 5330 643 5352; x_wconf 93' lang='lat'>,</span> <span class='ocrx_word' id='word_1_475' title='bbox 673 5303 768 5343; x_wconf 77' lang='lat' dir='ltr'>Das</span> <span class='ocrx_word' id='word_1_476' title='bbox 786 5301 996 5342; x_wconf 73' lang='lat' dir='ltr'>Edictum</span> <span class='ocrx_word' id='word_1_477' title='bbox 1016 5302 1307 5353; x_wconf 73' lang='lat' dir='ltr'>Perpetuam.</span> <span class='ocrx_word' id='word_1_478' title='bbox 2700 5287 2785 5351; x_wconf 78' lang='lat'>20</span> 
     </span>
    </p>
   </div>
  </div>
 </body>
</html>
