3736 5919
1580 389 1941 465 Register.
3072 388 3205 453 455

321 551 393 605 de
418 549 605 621 Tigno
630 549 819 604 iuncto
843 549 962 603 264.
1799 552 1964 608 Unde
1987 551 2044 606 ui
2069 553 2187 607 370.
2246 552 2382 607 utile
2406 552 2525 606 376.

321 626 619 682 Tradition
642 642 750 679 von
774 643 864 682 res
887 626 1130 697 mancipi
1159 626 1273 680 129.
1799 627 2150 685 Uniuersitas
2173 629 2255 682 82.

320 704 642 759 Translatio
664 703 859 758 iudicii
886 704 967 759 71.
995 704 1080 757 77.
1107 704 1211 758 225
1221 708 1262 756 5.
1288 704 1405 758 349.
1798 705 2254 762 Usufrnetuarius
2278 706 2737 776 quemadmodum
2762 712 2960 762 eaueat
2981 708 3099 763 420.

321 781 641 837 Translatio
674 780 1039 852 possessionis
1076 782 1176 836 106
1210 781 1288 853 fg.
1315 781 1433 836 363.
1460 781 1579 836 381.
1606 782 1724 836 382.
1798 781 1878 838 Ut
1901 797 1968 836 ex
1990 781 2210 853 legibus
2243 788 2539 838 senatusue
2574 783 2838 839 consultis
2871 784 2924 839 b.
2948 802 3003 855 p.
3042 785 3203 839 detur

322 936 647 992 Tributoria
669 934 817 990 aetio
840 936 962 989 215.
1799 936 1879 993 Ut
1952 934 2011 989 in
2087 936 2312 992 flumine
2389 936 2613 1009 publico
2689 937 2958 1009 nauigare
3035 938 3204 992 liceat

324 1014 393 1068 de
421 1013 617 1069 Turba
640 1014 759 1067 319.
2005 1013 2125 1067 369.

322 1091 491 1145 Tutel
515 1089 1017 1158 (Administratiom
1045 1087 1406 1156 Satisdation)
1430 1089 1550 1143 253.
1798 1089 1878 1146 Ut
1911 1089 1970 1142 in
2012 1090 2412 1159 possessionem
2454 1091 2764 1161 legatorum
2806 1092 3202 1147 seruandorum

324 1167 563 1223 Tutelae
588 1168 681 1222 uel
705 1171 898 1222 eontra
920 1167 1040 1221 255.
2006 1182 2175 1221 eausa
2199 1182 2318 1222 esse
2341 1167 2511 1222 liceat
2533 1167 2652 1221 297.

1798 1242 1877 1299 Ut
1918 1242 2229 1314 legatorum
2278 1244 2673 1299 seruandorum
2722 1260 2890 1299 eausa
2938 1250 3204 1300 caueatur

322 1384 730 1451 Uadimonium
755 1396 823 1451 65
847 1396 968 1469 fgg.
996 1398 1081 1452 58.
1796 1396 1898 1453 Uti
1921 1397 2218 1468 possidetis
2243 1399 2371 1467 3773
2427 1398 2563 1452 utile
2588 1400 2706 1453 380.

322 1472 716 1531 Uadimonium
738 1473 973 1527 Romam
996 1472 1314 1528 faciendum
1336 1473 1422 1527 44.
1796 1473 1968 1530 Utilis
1992 1475 2264 1529 communi
2289 1474 2594 1529 diuidundo
2619 1475 2765 1530 actio
2791 1475 2906 1530 166.

324 1549 644 1622 Ueetigalia
667 1550 787 1604 312.
1864 1582 1932 1591 -
1992 1552 2307 1619 (curationis
2333 1562 2520 1619 eausa)
2545 1553 2690 1606 actio
2714 1554 2833 1607 256.

321 1626 635 1699 Uectigalis
659 1627 807 1681 aetio
833 1627 953 1681 146.
1862 1658 1935 1669 —
1991 1628 2134 1699 legis
2157 1628 2421 1699 Aquiliae
2447 1627 2592 1683 actio
2619 1631 2733 1684 159.
2763 1629 2877 1684 160.

322 1704 689 1762 Uenalieiarii
713 1704 833 1760 443.
1800 1703 2004 1760 Utrubi
2029 1705 2149 1759 391.

321 1780 591 1839 Uenditio
615 1781 885 1836 bonorum
909 1781 1029 1835 341.

323 1859 394 1913 de
419 1858 632 1915 Uentre
654 1858 714 1912 in
737 1857 1141 1929 possessionem
1165 1857 1434 1913 mittendo
1459 1857 1579 1911 276.

322 1936 393 1990 de
418 1935 494 1993 Ui
518 1936 637 1991 370.
700 1941 916 1990 armata
938 1935 1058 1989 374.
1793 1922 2486 2006 Veriiusserungsverbote
2512 1935 2627 1989 107.
2654 1935 2769 1989 337.

320 2012 395 2069 Ui
420 2013 689 2067 bonorum
710 2018 996 2084 raptorum
1020 2012 1140 2067 314.
1793 2010 2246 2065 Vermsschtnisse
2269 2011 2373 2066 293
2396 2010 2514 2083 fgg.

319 2090 642 2147 Uieensima
662 2090 1056 2146 hereditatium
1083 2089 1198 2145 169.
1224 2090 1344 2145 408.
1796 2087 2433 2158 Vermiigensexeeution
2455 2089 2557 2142 331
2582 2087 2701 2159 fgg.

320 2167 543 2224 Uindex
566 2167 650 2222 54.
1797 2165 2136 2236 Vertretung
2160 2163 2251 2218 bei
2277 2165 2376 2220 der
2400 2170 2575 2219 status
2600 2163 2850 2234 quaestio
2877 2162 2995 2218 307.
3021 2163 3140 2217 309.

319 2243 644 2300 Uindieatio
669 2246 787 2300 145.

456 2353 526 2361 -
664 2322 723 2376 in
749 2322 1063 2377 libertatem
1087 2320 1207 2375 305.

458 2429 529 2439 —
663 2399 723 2453 in
747 2399 1069 2454 seruitutem
1093 2398 1215 2452 308.
1796 2383 2345 2449 Wasserservituten
2368 2396 2485 2449 300.

319 2475 485 2533 Unde
511 2477 754 2547 (cognati
778 2493 830 2531 u.
857 2495 899 2530 s.
931 2480 1013 2541 w.)
1047 2494 1090 2530 s.
1114 2475 1393 2529 Bonorum
1426 2472 1718 2544 possessio.
1794 2472 2281 2544 Wegeservituten
2305 2473 2421 2526 151.
