3736 5919
549 444 703 486 xvm
1540 423 1972 484 Uebersicht
2016 423 2137 485 des
2181 422 2448 483 Edicts.

663 647 777 701 Tit.
907 608 915 740 ἱ
1035 648 1065 717 g
1174 610 1180 710 l
2492 621 2498 730 Ι
2533 644 2663 715 Uip.
2691 605 2890 740 {Pani}
2915 643 3042 699 Gai.
3075 603 3083 743 Ι
3133 646 3235 701 Iul.
3281 608 3431 744 {sene

658 793 786 848 XV.
1228 812 1241 845 :
1280 794 1373 846 De
1396 795 1488 845 leis
1513 812 1674 863 quae
1697 795 2005 865 cuiusque
2028 796 2088 847 in
2117 794 2477 847 bonis-sunt.
2525 763 2890 844 153419-26'
2941 791 3035 845 6·8
3139 795 3231 848 6·9
3315 795 3415 847 129

1002 877 1087 929 59.
1227 897 1240 931 :
1277 878 1366 933 De
1391 878 1724 932 Publiciana
1748 879 1804 932 in
1828 895 1946 933 rem
1970 878 2203 934 actione.
2571 877 2637 930 16
2762 875 2828 928 19
2968 876 3000 930 7
3166 880 3198 933 7
3315 881 3416 933 129

1005 954 1089 1007 60.
1226 974 1238 1007 :
1277 955 1367 1010 De
1391 956 1477 1010 his
1502 956 1597 1026 qui
1623 955 1928 1011 deiecerint
1951 957 2043 1011 uel
2068 955 2382 1011 effuderint.
2568 953 2638 1007 23
2762 952 2827 1006 19
2967 954 3001 1007 6
3315 957 3416 1011 132

1007 1031 1090 1085 61.
1224 1051 1237 1085 :
1276 1033 1360 1087 Ne
1403 1033 1526 1102 quis
1573 1032 1630 1086 in
1678 1034 2003 1104 suggrunda
2050 1039 2373 1103 protectoue
2419 1033 2479 1087 id

1392 1109 1636 1180 positum
1660 1109 1886 1178 habeat,
1913 1110 2068 1165 cuius
2092 1128 2252 1166 casus
2280 1127 2478 1166 nocere

1394 1188 1586 1257 possit.
2569 1187 2638 1238 23
3315 1186 3416 1240 133

1003 1260 1087 1314 62.
1225 1283 1238 1316 :
1275 1264 1365 1318 De
1391 1280 1553 1318 seruo
1577 1269 1850 1334 corrupte.
2567 1263 2637 1314 23
2762 1260 2826 1314 19
2966 1262 3000 1315 6
3164 1265 3198 1319 9
3315 1265 3416 1318 134

1005 1337 1088 1390 63.
1225 1360 1238 1394 :
1275 1341 1364 1395 De
1390 1339 1741 1394 aleatoribus.
2569 1339 2637 1390 23
2761 1338 2827 1390 19
3319 1342 3417 1395 135

1003 1414 1088 1467 64·
1223 1438 1236 1471 ε
1274 1421 1340 1472 Si
1358 1420 1508 1470 iudex
1532 1419 1669 1469 litem
1694 1435 1842 1469 suam
1867 1418 2065 1483 fecerit.
2567 1415 2637 1467 23
3317 1420 3416 1473 135

1004 1491 1088 1544 65.
1224 1513 1237 1547 :
1278 1493 1338 1548 Si
1362 1494 1641 1548 hereditas
1664 1499 1904 1563 petatur.
2570 1491 2637 1543 15
2759 1491 2830 1545 20
2966 1491 3000 1543 6
3165 1495 3198 1548 6
3315 1495 3413 1550 137

1006 1568 1089 1621 66.
1225 1591 1238 1624 :
1277 1570 1335 1625 Si
1360 1587 1495 1641 pars
1514 1570 1840 1624 hereditatis
1865 1578 2102 1642 petatur.
2571 1569 2637 1621 15
2966 1566 3000 1619 6
3316 1573 3416 1627 140

1005 1644 1089 1698 67.
1225 1667 1238 1701 :
1275 1647 1364 1702 De
1395 1647 1723 1702 hereditatis
1755 1648 2027 1719 petitione
2059 1649 2400 1719 possessoria
2430 1660 2478 1703 et

1395 1727 1575 1779 ceteris
1599 1726 1888 1779 actionibus
1903 1728 2258 1797 possessoriis,
2570 1723 2637 1776 15
2758 1722 2829 1775 20
2965 1721 2999 1774 6
3315 1725 3413 1781 141

1004 1798 1089 1851 68.
1224 1821 1238 1854 :
1273 1801 1364 1856 De
1390 1800 1904 1856 fideicommissaria
1954 1803 2282 1857 hereditatis
2337 1804 2477 1875 peti·
2659 1823 2678 1841 ·

1395 1877 1546 1932 tione
1571 1889 1617 1931 et
1642 1880 1847 1932 utilibus
1873 1881 2175 1934 actionibus.
2571 1877 2637 1930 16
2758 1877 2829 1930 20
3315 1882 3417 1934 143

1004 1952 1088 2005 69.
1223 1973 1237 2006 :
1274 1955 1364 2009 De
1389 1956 1467 2009 rei
1493 1955 1886 2010 uindicatione.
2520 1953 2601 2007 16.
2624 1955 2688 2007 17
2758 1952 2826 2005 21
2967 1949 2998 2002 7
3129 1955 3178 2007 6.
3202 1954 3233 2007 7
3317 1958 3417 2011 145

1005 2029 1088 2082 70.
1225 2050 1239 2083 :
1277 2030 1339 2086 Si
1363 2047 1502 2103 ager
1523 2033 1819 2104 uectigalis
1842 2040 2083 2104 petatur.
2571 2029 2636 2083 17
2758 2029 2824 2082 21
3315 2035 3415 2089 146

1005 2107 1088 2161 71.
1224 2127 1237 2160 :
1274 2111 1339 2163 Si
1346 2112 1617 2179 praedium
1636 2112 2028 2179 stipendiarium
2048 2115 2132 2166 uel
2149 2113 2476 2165 tributarium

1392 2196 1617 2254 petatur.
2571 2183 2636 2237 17
3319 2186 3416 2242 148

1006 2262 1088 2315 72.
1225 2280 1237 2313 :
1280 2260 1340 2315 Si
1384 2262 1729 2317 ususfructus
1779 2270 2005 2335 petatur
2051 2266 2145 2319 uel
2189 2264 2263 2320 ad
2310 2264 2480 2320 alium

1392 2339 1670 2410 pertinere
1695 2347 1946 2411 negetur.
2571 2337 2636 2391 17
2758 2337 2824 2389 21
2967 2340 2998 2393 7
3167 2338 3198 2392 7
3315 2343 3417 2398 148

1001 2417 1086 2470 73.
1222 2433 1235 2466 :
1276 2413 1338 2468 Si
1362 2415 1599 2469 seruitus
1623 2416 1938 2472 uindicetur
1955 2418 2044 2472 uel
2065 2418 2138 2472 ad
2162 2417 2332 2473 alium
2355 2434 2478 2490 per·

1393 2491 1571 2547 tinere
1594 2499 1844 2563 negetur.
2569 2491 2635 2545 17
2758 2491 2825 2545 21
2967 2493 2999 2547 ’7
3168 2493 3199 2546 7
3320 2499 3415 2552 151

1007 2569 1091 2623 74.
1224 2587 1237 2620 :
1275 2571 1361 2622 De
1385 2571 1536 2622 modo
1564 2572 1697 2637 ayri.
2570 2569 2638 2622 18
2756 2568 2825 2621 21
3168 2567 3199 2621 7
3317 2576 3417 2629 153

1003 2647 1087 2701 75.
1223 2663 1237 2697 :
1276 2644 1336 2699 Si
1355 2645 1672 2716 quadrupes
1690 2648 2014 2718 pauperiem
2035 2647 2233 2704 fecisse
2247 2648 2476 2704 dicetur.
2568 2645 2636 2699 18
2759 2646 2828 2700 22
2970 2646 3000 2699 7
3317 2652 3418 2707 154

1004 2723 1088 2776 76.
1224 2740 1237 2774 :
1275 2724 1362 2775 De
1382 2731 1539 2791 pastu
1556 2726 1781 2792 pecoris.
2570 2723 2637 2775 18
3317 2729 3417 2783 156

1004 2799 1087 2852 77.
1222 2817 1236 2851 :
1272 2798 1365 2851 Ad
1391 2798 1573 2868 legem
1598 2800 1900 2870 Aquiliam.
2568 2799 2635 2851 18
2758 2800 2828 2852 22
2970 2801 2999 2854 7
3148 2799 3218 2853 86
3317 2805 3417 2860 156

1004 2875 1087 2929 78.
1222 2893 1236 2928 2
1274 2878 1340 2930 In
1405 2875 1604 2942 sactum
1661 2879 1916 2931 aduersus
1972 2889 2163 2933 nautas
2214 2896 2477 2949 caupones

1393 2954 1726 3009 stabularios.
2570 2953 2636 3007 18
2759 2953 2829 3008 22
3315 2962 3413 3016 161

1003 3031 1087 3084 79.
1222 3048 1236 3081 :
1275 3029 1496 3084 Finium
1521 3031 1908 3102 regundorum.
2569 3031 2635 3083 19
2758 3031 2827 3085 23
2968 3033 3000 3087 7
3164 3032 3201 3084 8
3317 3039 3418 3092 166

1000 3108 1086 3160 80.
1223 3125 1236 3159 :
1273 3106 1544 3162 Familiae
1571 3108 1948 3163 erciscundae.
2571 3108 2636 3161 19
2758 3109 2827 3162 23
2968 3111 2999 3164 7
3165 3109 3201 3162 8
3314 3114 3417 3169 162

1000 3184 1085 3237 81.
1223 3202 1236 3235 :
1276 3182 1565 3238 Communi
1589 3184 1912 3240 diuidundo.
2571 3185 2636 3238 19
2758 3185 2828 3238 23
2967 3187 2999 3241 7
3165 3186 3200 3239 8
3314 3191 3418 3246 164

999 3262 1085 3313 82.
1220 3278 1234 3313 z
1273 3262 1358 3314 De
1380 3262 1500 3314 utili
1517 3264 1780 3315 communi
1798 3264 2080 3316 diuidundo
2103 3264 2305 3317 iudicio.
2567 3262 2638 3315 20
2756 3260 2828 3314 24
3315 3268 3416 3322 166

962 3339 1124 3392 83-88
1220 3355 1234 3389 :
1273 3338 1357 3389 De
1375 3339 1680 3408 fideiussore
1704 3349 1752 3392 et
1775 3358 2043 3409 sponsore.
2516 3337 2678 3391 20·22
2704 3338 2789 3392 24.
2811 3339 2881 3392 25
2965 3342 3000 3396 8
3086 3339 3277 3394 88892
3315 3344 3415 3399 167

1000 3414 1085 3468 89.
1221 3432 1234 3465 :
1273 3412 1334 3467 Si
1360 3430 1579 3468 mensor
1601 3413 1803 3469 falsum
1827 3416 2052 3471 modum
2077 3416 2291 3473 dixerit.
2566 3413 2636 3466 24
2756 3415 2826 3469 25
3316 3422 3416 3476 172

1000 3491 1085 3545 90.
1222 3509 1235 3543 :
1272 3491 1364 3544 Ad
1390 3491 1778 3546 exhibendum.
2566 3490 2636 3543 24
2757 3492 2825 3545 26
3165 3495 3199 3548 9
3313 3499 3416 3553 172

634 3630 794 3687 XVI,
1220 3645 1233 3679 :
1270 3626 1370 3682 De
1402 3627 1753 3700 religiosis
1787 3634 1853 3683 et
1882 3629 2259 3700 sumptibus
2289 3629 2474 3686 fune-

1390 3722 1545 3759 rum.
2565 3706 2635 3759 25
2758 3706 2824 3760 27
2951 3710 3017 3763 19
3146 3709 3217 3762 10
3317 3713 3418 3768 179

1001 3791 1085 3844 91.
1221 3808 1234 3842 :
1270 3792 1337 3845 Si
1371 3791 1485 3860 quis
1526 3801 1784 3844 mortuum
1826 3793 1881 3845 in
1924 3795 2097 3847 locum
2137 3796 2355 3848 alterius
2395 3795 2475 3847 in·

1391 3869 1564 3922 tulerit
1588 3871 1673 3922 uel
1697 3869 1894 3934 inferre
1917 3872 2197 3924 curauerit.
2565 3868 2636 3923 25
2755 3870 2823 3923 27
2952 3873 3018 3926 19
3316 3875 3417 3930 179

1000 3944 1086 3999 92.
1221 3961 1234 3996 :
1272 3944 1339 3998 Si
1366 3945 1483 4013 quis
1522 3955 1779 3999 mortuum
1816 3947 2015 4012 inferre
2047 3948 2336 4016 prohibitus
2367 3966 2476 4001 esse

1392 4023 1603 4075 dicetur.
2565 4023 2636 4075 25
2756 4023 2824 4076 27
2952 4026 3017 4080 19
3316 4030 3420 4084 180

1000 4098 1084 4151 93.
1221 4115 1234 4148 z
1274 4095 1363 4150 De
1388 4098 1681 4168 sepulchro
1706 4098 1931 4153 uiolato.
2565 4099 2635 4152 25
2756 4100 2824 4154 27
3150 4102 3217 4155 10
3318 4107 3415 4161 181

1000 4174 1086 4227 94.
1222 4191 1234 4224 :
1273 4171 1361 4226 De
1387 4173 1698 4243 sumptibus
1722 4173 1995 4230 funerum.
2565 4176 2635 4230 25
2757 4177 2824 4230 27
2950 4180 3017 4234 19
3147 4179 3217 4232 10
3316 4183 3417 4237 182

620 4299 810 4355 XVII.
1222 4318 1234 4352 :
1273 4298 1371 4353 De
1405 4300 1605 4354 rebus
1638 4301 1942 4358 creditis.
2513 4301 2677 4355 26-28
2704 4304 2787 4357 28.
2811 4304 2878 4356 29
2965 4305 2999 4358 9
3096 4304 3267 4357 10.11
3316 4306 3418 4361 184

1000 4382 1086 4436 95.
1220 4403 1233 4437 :
1274 4383 1335 4438 Si
1382 4391 1592 4439 certum
1640 4393 1861 4457 petetur
1918 4394 1986 4456 (a.
2037 4399 2179 4444 certo
2220 4393 2477 4461 pecunia;

1390 4461 1443 4516 b.
1472 4473 1614 4517 certa
1640 4470 1759 4531 res).
2514 4463 2597 4518 26.
2618 4464 2685 4517 27
2757 4466 2827 4520 28
2966 4468 3000 4521 9
3151 4467 3218 4521 10
3316 4467 3418 4521 184

1001 4536 1086 4589 96.
1223 4557 1236 4591 :
1274 4538 1362 4593 De
1388 4555 1454 4593 eo
1479 4539 1628 4609 quod
1654 4547 1804 4595 certo
1828 4542 1950 4597 loco
1976 4542 2098 4598 dari
2121 4549 2353 4614 oportet.
2566 4541 2635 4594 27
2757 4543 2826 4596 28
2966 4544 3001 4597 9
3318 4544 3415 4598 191

1001 4613 1085 4666 97.
1224 4635 1236 4668 2
1272 4615 1363 4670 De
1386 4616 1626 4686 pecunia
1649 4618 1965 4674 constituta.
2566 4617 2634 4670 27
2757 4618 2826 4672 29
3152 4622 3214 4676 11
3316 4621 3417 4674 196

1001 4689 1087 4744 98.
1223 4711 1236 4744 :
1275 4690 1622 4748 Commodati
1648 4695 1738 4749 uel
1763 4702 1969 4751 contra.
2566 4694 2635 4747 28
2757 4694 2827 4748 29
2965 4698 3000 4750 9
3151 4698 3214 4752 11
3315 4698 3419 4751 200

1001 4767 1087 4820 99.
1222 4788 1236 4823 :
1274 4768 1363 4823 De
1389 4770 1759 4841 pignoraticia
1783 4773 2001 4828 actione
2026 4774 2120 4827 uel
2143 4779 2346 4829 contra.
2565 4772 2635 4825 28
2757 4772 2827 4824 29
2966 4775 2999 4827 9
3151 4776 3213 4828 11
3314 4774 3415 4827 201

970 4844 1086 4898 100.
1222 4864 1236 4898 :
1273 4845 1363 4900 De
1389 4847 1946 4916 compensationibus.
2566 4848 2636 4902 28
2967 4852 3000 4903 9
3312 4851 3415 4905 202

601 4981 821 5037 XVIII.
1222 5001 1235 5035 ε
1279 4983 1457 5045 Quod
1497 5000 1630 5035 cum
1673 4986 1983 5054 maqistro
2025 4988 2239 5053 nauis,
2287 4988 2474 5042 insti·

1393 5070 1530 5113 tore
1581 5078 1754 5126 eone,
1807 5064 1915 5132 qui
1962 5064 2023 5116 in
2085 5064 2309 5118 aliena
2357 5084 2472 5135 po-

1393 5146 1622 5190 testate
1668 5139 1813 5204 erit,
1863 5142 2182 5209 neqotium
2228 5151 2472 5211 ,qestum

1393 5217 1531 5267 erit.
2511 5214 2878 5270 28.2929.30
2963 5218 2998 5270 9
3096 5218 3270 5273 11.12
3312 5219 3416 5274 203
