3736 5919
1394 407 1534 467 Tit.
1569 407 1812 468 xv111.
1903 407 1938 483 ἓ
1978 410 2119 468 105.
3074 405 3204 471 229

811 569 985 638 5105.
1057 570 1168 624 AD
1207 569 1556 627 SENATUS
1595 569 2070 627 CONSULTUM
2106 572 2710 640 VELLAEANUMI).

494 724 649 810 Ulp.
689 726 858 806 b29²),
894 726 1082 792 Paul.
1119 728 1286 806 303),
1325 727 1473 793 Gai.
1512 728 1636 811 9⁴),
1673 728 1918 794 Julian.
1960 728 2123 809 12⁵).

426 881 439 894 .
494 827 634 894 Der
664 828 900 893 Prator
933 829 1257 915 gewiihrte
1293 829 1431 895 hier
1464 829 1624 896 zwei
1657 831 2001 907 Actionen,
2039 831 2237 896 deren
2271 832 2724 918 Bestimmung
2758 855 2827 898 es
2861 855 3014 911 war,
3053 834 3201 898 dem

321 930 713 1018 Glaubigen
771 931 884 997 der
927 931 1129 997 durch
1173 933 1275 998 die
1320 933 1636 1019 ungiltige
1672 933 2099 998 Intercession
2146 933 2261 999 der
2295 934 2471 998 Frau
2514 935 2735 1000 seinen
2772 935 3198 1021 cigentlichen

320 1033 687 1100 Schuldner
723 1034 1096 1120 eingebiisst
1129 1034 1335 1112 hatte,
1374 1035 1553 1100 Hilfe
1590 1058 1799 1122 gegen
1835 1036 2057 1101 diesen
2093 1059 2176 1101 zu
2221 1035 2585 1121 gewiihren.
2674 1037 2920 1123 Ulpian
2957 1039 3200 1105 behan-

320 1138 453 1201 delt
492 1136 665 1202 diese
703 1136 1023 1202 Actionen
1060 1159 1186 1203 von
1224 1137 1302 1202 fr.
1342 1137 1381 1202 8
1417 1137 1456 1222 ἓ
1495 1139 1532 1202 7
1570 1138 1633 1202 h.
1671 1151 1715 1203 t.
1754 1140 1835 1202 ab
1872 1140 2006 1203 und
2041 1161 2215 1203 zwar
2250 1138 2352 1202 die
2389 1150 2554 1204 erste
2591 1140 3077 1207 restitutoria

666 1240 961 1324 quotiens
998 1262 1113 1325 pro
1150 1240 1436 1306 debitore
1472 1241 1895 1307 intercesserit
1930 1241 2178 1318 mulier,
2224 1240 2413 1305 datur
2445 1241 2511 1304 in
2548 1264 2695 1306 eum
2731 1242 3001 1327 pristina
3035 1244 3200 1309 actio

318 1340 388 1405 in
431 1341 510 1405 fr.
549 1342 589 1407 8
643 1343 682 1426 ξ
721 1343 961 1419 7-13,
1016 1343 1147 1429 vgl.
1186 1341 1335 1408 Gai.
1375 1343 1415 1406 9
1469 1343 1547 1407 fr.
1591 1343 1670 1408 13
1725 1343 1764 1427 ἓ
1803 1344 1859 1407 1.
1899 1344 1941 1408 2
1996 1343 2056 1408 h.
2094 1347 2231 1422 t.⁶);
2288 1342 2391 1408 die
2436 1343 2658 1409 zweite
2704 1344 2765 1408 h.
2813 1367 2868 1408 z.
2914 1344 2994 1409 T.
3042 1368 3091 1410 s.
3133 1368 3196 1431 g.

320 1444 805 1535 institutoria
837 1444 905 1508 in
941 1443 1019 1509 fr.
1060 1446 1099 1510 8
1136 1445 1175 1528 ἓ
1214 1445 1314 1509 14.
1357 1444 1437 1510 15
1473 1446 1534 1511 h.
1572 1456 1648 1510 t.:

666 1545 762 1623 Si,
817 1568 964 1612 cum
1019 1569 1225 1612 essem
1279 1547 1392 1611 tibi
1445 1559 1908 1624 contracturus,
1962 1548 2191 1613 mulier
2242 1547 2674 1624 interuenerit,
2729 1559 2801 1613 ut
2855 1570 3001 1614 cum
3054 1549 3196 1635 ipsa

665 1649 878 1736 potius
924 1649 1315 1726 contraham,
1360 1649 1615 1716 uidetur
1657 1650 2179 1731 intercessisse⁷):
2226 1672 2355 1734 quo
2399 1673 2551 1716 casu
2591 1651 2778 1716 datur
2811 1650 2879 1715 in
2913 1664 2976 1717 te
3013 1652 3200 1728 actiO,

667 1773 834 1835 quae
869 1751 1139 1817 instituit
1174 1752 1380 1838 magis
1416 1775 1612 1836 quam
1644 1753 1921 1818 restituit
1955 1752 2439 1839 obligationem,
2493 1764 2564 1818 ut
2598 1754 2862 1839 perinde
2897 1753 3198 1841 obligetis

666 1855 894 1920 eodem
938 1877 1173 1942 genere
1218 1855 1644 1940 obligationis,
1689 1876 1817 1939 quo
1874 1854 2101 1921 mulier
2144 1866 2241 1921 est
2286 1855 2597 1942 obligata:
2651 1855 2836 1922 uerbi
2886 1857 3097 1942 gratia
3149 1855 3203 1923 si

663 1979 780 2043 per
815 1957 1289 2042 stipulationem
1324 1958 1572 2035 mulier,
1607 1969 1672 2023 et
1706 1969 1777 2022 tu
1814 1958 2000 2041 quasi
2035 1980 2116 2023 ex
2151 1958 2460 2043 stipulatu
2497 1959 2913 2024 conuenieris.
2974 1973 2979 1982 ’

319 2060 467 2125 Auf
496 2060 683 2125 beide
719 2060 1043 2125 Actionen
1076 2083 1448 2126 zusammen
1484 2060 1641 2146 geht
1676 2060 1752 2125 fr.
1798 2062 1879 2125 10
1915 2059 1976 2124 h.
2016 2073 2061 2124 t.

495 2162 626 2227 Die
669 2162 975 2227 Formeln
1028 2186 1243 2229 waren
1293 2162 1464 2230 wohl
1518 2162 1704 2228 beide
1754 2160 2143 2244 ficticischss).
2231 2161 2364 2227 Die
2416 2172 2583 2227 erste
2627 2183 2761 2226 war
2804 2161 3057 2227 einfach
3102 2185 3205 2229 re-

320 2263 693 2330 scissorisch
726 2264 973 2351 gefasst
1017 2268 1095 2346 (c.
1137 2266 1216 2331 16
1262 2265 1323 2331 h.
1364 2276 1438 2331 t.:
1493 2264 1860 2331 rescissoria
1904 2264 2125 2341 actio),
2179 2263 2345 2329 nach
2390 2262 2537 2327 dem
2583 2260 2890 2328 Schema:
2946 2264 3001 2329 si
3047 2264 3204 2330 Seia

318 2390 448 2432 non
502 2367 991 2445 intercessisset,
1047 2379 1183 2432 tum
1238 2369 1293 2433 si
1345 2369 1457 2433 Nm
1483 2368 1547 2432 N
1550 2379 1595 2408 ¹¹¹
1649 2368 1801 2433 dare
1855 2376 2197 2452 oporteret.
2284 2365 2416 2431 Die
2468 2365 2690 2432 zweite
2746 2366 3000 2452 fingirte
3055 2365 3204 2432 sehr

317 2469 850 2536 wahrscheinlich
894 2470 1021 2535 den
1065 2470 1269 2536 durch
1313 2470 1416 2537 die
1461 2470 1893 2536 Intercession
1947 2468 2062 2535 der
2103 2469 2279 2533 Frau
2331 2467 2868 2534 hintertriebenen
2920 2469 3204 2555 Vertrag

316 2573 412 2637 als
466 2572 758 2638 wirklich
810 2572 1309 2659 abgeschlossen
1362 2574 1572 2657 (quasi
1627 2595 1707 2638 ex
1762 2571 2072 2657 stipulatu
2124 2570 2550 2637 conuenieris:
2604 2568 2684 2635 fr.
2731 2571 2770 2635 8
2824 2570 2865 2654 ξ
2912 2570 2995 2634 14
3046 2571 3202 2651 cit.),

315 2674 483 2741 nach
523 2675 672 2740 dem
710 2673 1018 2741 Schema:
1055 2675 1109 2739 si
1137 2674 1292 2741 Seia
1326 2697 1457 2741 non
1493 2674 1974 2750 intercessisset,
2012 2686 2152 2738 tum
2188 2674 2242 2739 si
2278 2675 2368 2738 A⁸
2402 2676 2493 2739 A·
2531 2673 2610 2738 de
2647 2673 2739 2738 N⁰
2766 2673 2830 2737 N
2832 2684 2859 2713 ⁰
2886 2672 3204 2739 incertum

317 2777 661 2864 stipulatus
697 2781 946 2860 esset9),
984 2778 1297 2862 quidquid
1335 2789 1399 2845 et
1434 2778 1546 2844 rel.
1634 2776 1859 2843 Ueber
1894 2777 1998 2842 die
2031 2776 2272 2842 nabere
2305 2777 2362 2840 F
2364 2798 2606 2862 assung
2640 2776 2754 2842 der
2786 2776 3040 2842 Fiction
3075 2775 3197 2843 wie

318 2880 435 2944 der
467 2880 731 2945 Formel
767 2878 1128 2966 uberhaupt
1164 2880 1307 2946 sind
1343 2880 1460 2946 wir
1494 2879 1671 2946 nicht
1705 2878 2146 2945 unterrichtet.

387 3102 441 3169 1)
466 3099 541 3153 D.
568 3100 671 3165 (16.
698 3101 769 3168 1),
795 3096 855 3153 c.
881 3101 949 3164 (4
974 3101 1080 3168 29).

387 3179 443 3245 2)
476 3176 569 3231 Fr.
601 3176 653 3243 2,
687 3177 739 3244 4,
775 3176 826 3245 6,
861 3176 914 3245 8,
949 3178 1018 3232 10
1057 3176 1108 3232 11.
1137 3183 1196 3247 t.,
1237 3177 1303 3232 fr.
1341 3178 1372 3230 1
1408 3177 1479 3232 de
1523 3179 1728 3248 appell.

1796 3106 2005 3155 musste
2029 3100 2167 3155 aber
2179 3115 2290 3153 -aus
2321 3098 2421 3152 der
2442 3097 2735 3170 Erteilung
2768 3098 2870 3153 der
2891 3116 2934 3154 s.
2969 3116 3022 3171 g.
3059 3099 3209 3155 actio

1796 3176 2137 3231 institutoria
2159 3175 2442 3248 gesolgert
2464 3175 2703 3230 werden.
2755 3175 2829 3230 So
2854 3175 3068 3230 erklart
3086 3176 3206 3231 sich

316 3254 493 3325 recip.
544 3253 648 3319 (49.
690 3254 763 3321 5),
811 3252 880 3307 fr.
924 3254 961 3308 4
1002 3255 1072 3308 de
1120 3255 1276 3309 cond.
1322 3272 1367 3309 c.
1411 3255 1463 3310 d.
1501 3256 1604 3323 (12.
1646 3257 1730 3325 4);

318 3331 550 3386 letztere
609 3328 783 3385 Stelle
839 3330 915 3384 ist
978 3329 1280 3385 falechlieh
1338 3330 1469 3403 Ulp.
1521 3332 1590 3386 39
1648 3332 1730 3386 in·

317 3408 557 3463 scribirt.

387 3488 442 3553 3)
468 3484 561 3539 Fr.
590 3486 640 3553 1,
666 3485 718 3553 3,
745 3485 808 3538 11
842 3485 897 3541 h.
920 3489 960 3537 t.
1036 3485 1164 3557 VgL
1198 3485 1358 3541 Paul.
1392 3485 1489 3540 lib.
1516 3487 1550 3541 6
1573 3487 1727 3542 breu.

318 3561 385 3617 fr.
414 3562 484 3616 12
507 3560 561 3614 11.
588 3567 625 3616 t.

388 3638 444 3707 4)
470 3637 561 3692 Fr.
588 3638 640 3705 5,
666 3638 735 3693 13
759 3637 812 3694 11.
837 3643 877 3691 t.

386 3717 442 3782 5)
466 3714 559 3768 Fr.
590 3716 656 3767 14
680 3714 732 3767 h.
757 3719 820 3782 t.‚
854 3714 947 3768 cit.
975 3713 1040 3769 fr.
1065 3715 1099 3769 8
1132 3732 1215 3785 pr.
1253 3715 1284 3785 ξ
1310 3715 1376 3768 12
1400 3715 1453 3769 h.
1479 3721 1537 3784 t„
1570 3714 1636 3769 fr.
1662 3716 1732 3769 39

319 3793 351 3863 ξ
376 3795 405 3846 1
435 3792 508 3846 de
532 3791 601 3845 R.
628 3790 695 3847 V.
722 3791 793 3857 (6.
819 3793 888 3857 1).

386 3871 440 3937 6)
478 3868 534 3923 S.
568 3868 715 3922 auch
758 3866 883 3923 Gai.
927 3867 963 3922 4
1004 3867 1069 3922 fr.
1099 3868 1164 3921 12
1207 3868 1278 3922 de
1319 3867 1509 3923 minor.
1555 3869 1622 3936 (4.
1657 3868 1730 3937 4),

312 3946 529 4001 Julian.
559 3946 627 4000 12
651 3944 718 4001 fr.
747 3945 815 3998 14
838 3945 890 4000 h.
915 3951 974 4012 t.,
1000 3961 1047 3999 c.
1074 3944 1142 3999 16
1165 3945 1218 3999 h.
1244 3950 1284 3999 t.

389 4025 441 4091 7)
493 4023 634 4078 Dies
681 4023 847 4077 stand
893 4021 1169 4077 natiirlich
1215 4021 1371 4077 nieht
1423 4022 1501 4077 im
1547 4021 1732 4091 Edict,

1801 3272 1844 3310 c.
1882 3255 1950 3309 19
1989 3254 2042 3308 11.
2075 3259 2141 3307 t.:
2189 3251 2328 3307 Cum
2368 3252 2440 3306 ad
2483 3268 2579 3306 eas
2612 3252 2782 3306 etiam
2813 3253 3206 3325 obligationes,

1800 3347 1944 3402 quae
1971 3347 2038 3385 ex
2061 3329 2308 3384 mulieris
2331 3344 2567 3399 persona
2585 3327 2891 3383 calliditate
2916 3328 3207 3383 creditoris

1799 3414 2153 3479 sumpserunt
2198 3406 2557 3479 primordium
2571 3446 2585 3474 ,
2633 3405 2916 3461 decretum
2962 3410 3204 3476 patrum,

1800 3486 1950 3556 quod
1976 3486 2046 3540 de
2079 3483 2474 3539 intercessione
2507 3483 2837 3538 feminarum
2868 3482 3078 3536 factum
3102 3489 3206 3549 est,

1796 3563 2077 3634 pertinere
2112 3561 2336 3616 edicto
2368 3566 2695 3632 perpetuo
2730 3559 3045 3613 declaratur
3070 3599 3082 3611 .
3112 3600 3123 3613 .
3150 3600 3162 3612 .
3191 3598 3206 3612 .

1867 3640 1922 3705 8)
1962 3637 2337 3692 Hinsichtlich
2378 3637 2480 3691 der
2519 3655 2560 3691 s.
2604 3654 2660 3707 g.
2703 3634 3045 3689 institutoria
3083 3651 3207 3689 ver-

1797 3721 1975 3770 mutet
1989 3716 2039 3769 B
2051 3714 2130 3769 ek
2140 3714 2180 3769 k
2192 3731 2222 3769 e
2233 3733 2262 3768 r
2272 3754 2287 3784 ,
2308 3714 2593 3769 Aktionen
2609 3713 2668 3767 11
2689 3712 2745 3768 S.
2761 3713 2878 3782 118,
2897 3711 3208 3766 Personen·

1799 3792 2154 3864 umstellung.

1868 3869 1923 3936 9)
1948 3867 2265 3937 Rudorff,
2291 3868 2354 3923 E.
2375 3867 2439 3922 Ρ.
2460 3867 2491 3938 ξ
2513 3868 2631 3937 109,
2657 3866 2780 3921 hat:
2814 3865 2864 3918 si
2887 3864 2964 3921 N⁸
2983 3864 3059 3922 N⁸
3080 3880 3204 3920 eam

1797 3945 2111 4016 pecuniam,
2153 3944 2226 3999 ob
2259 3959 2427 4014 quam
2463 3944 2592 3999 Seia
2621 3960 2724 4016 pro
2764 3957 2831 3998 eo
2872 3942 3207 4010 intercessit,

1798 4022 1883 4079 ΑΟ
1907 4023 1992 4076 A0
2017 4023 2138 4094 ipse
2163 4022 2519 4093 promisisset.
