3736 5919
1595 413 1946 492 Register.
3083 411 3213 479 453

330 575 526 632 Missio
548 575 632 631 rei
656 574 968 631 seruandae
994 590 1160 630 causa
1182 575 1300 631 331.
1328 576 1447 631 340.
1805 579 1876 632 de
1900 578 2357 633 Praediatoribus
2380 579 2499 633 313.

329 652 482 708 Mitti
506 655 565 707 in
588 652 951 722 municipium
977 653 1091 708 106.
1803 654 2178 725 Praeiudicia,
2204 655 2461 727 Fassung
2483 656 2605 711 249.

333 732 404 786 de
428 731 597 786 Modo
622 729 747 803 agri
773 730 890 785 153.
1976 764 2043 774 -
2204 733 2479 788 einzelne:

330 808 491 863 Mora
512 810 617 863 242
628 813 668 865 3.
697 812 736 861 ⁵.
1977 841 2044 851 -—
2200 827 2273 863 an
2313 826 2382 865 ea
2421 826 2510 864 res
2553 826 2606 879 q.
2648 809 2701 863 d.
2747 826 2799 865 a.
2842 811 3019 866 maior
3061 811 3133 865 sit
3169 810 3213 866 C

331 886 400 941 de
426 886 676 941 Moribus
699 884 817 939 247.
2268 887 2538 941 sestertiis
2562 889 2680 941 415.

332 963 401 1016 de
428 963 647 1017 Mortuo
671 960 961 1015 inferendo
985 962 1103 1015 366.
1132 979 1172 1015 s.
1201 961 1319 1016 179.
1977 995 2044 1005 -
2201 981 2274 1019 an
2315 964 2373 1017 in
2421 964 2682 1019 libertate
2731 964 2849 1019 sine
2893 965 3019 1019 dolo
3066 965 3213 1021 malo

329 1039 965 1111 Municipalmagistrate
988 1039 1074 1092 41.
1099 1039 1216 1095 257.
2266 1041 2435 1096 fuerit
2459 1043 2578 1097 309.

329 1117 661 1188 Municipes,
688 1117 1030 1187 Vertretung
1054 1116 1128 1169 im
1152 1117 1387 1171 Prozess
1410 1118 1492 1173 80.
1519 1118 1602 1172 81.
2197 1135 2271 1172 an
2295 1118 2567 1191 ingenuus
2590 1120 2664 1174 sit
2685 1119 2805 1173 271.

329 1333 559 1402 Nautae
586 1363 862 1418 caupones
887 1347 1179 1402 stabularii
1203 1348 1320 1403 104.
1347 1350 1463 1403 161.
1489 1350 1607 1405 266.

327 1424 414 1479 Ne
439 1423 573 1494 quid
598 1425 655 1477 in
680 1424 904 1481 flumine
927 1425 1154 1495 publico
1178 1427 1297 1480 368.
1324 1426 1443 1481 369.

328 1501 415 1557 Ne
440 1502 577 1570 quid
601 1502 659 1555 in
681 1501 803 1555 loco
827 1502 1053 1573 publico
1077 1503 1197 1558 367.

328 1579 414 1635 Ne
440 1579 575 1649 quid
596 1578 655 1633 in
680 1579 802 1634 loco
826 1596 985 1635 sacro
1008 1581 1125 1635 365.

327 1656 381 1713 N
383 1672 413 1711 e
440 1658 563 1727 quis
596 1672 741 1725 eum,
773 1657 870 1728 qui
894 1657 951 1712 in
978 1658 1064 1713 ius
1097 1658 1405 1729 uocabitur,
1436 1660 1495 1714 ui
1529 1660 1730 1715 eximat

326 1810 379 1866 N
383 1828 412 1866 e
429 1811 516 1867 uis
535 1810 636 1869 fiat
653 1811 704 1867 ei
725 1813 820 1882 qui
839 1816 1021 1881 (quae)
1040 1812 1098 1866 in
1116 1813 1517 1883 possessionem
1535 1815 1732 1870 missus

533 1889 740 1957 (missa)
765 1889 871 1944 erit
893 1890 1010 1944 364.
1036 1890 1154 1945 377.

326 1966 380 2023 N
383 1966 634 2038 egatoria
657 1967 805 2021 actio
830 1968 947 2021 149.
974 1968 1092 2022 152.

324 2043 688 2115 Negotiorum
713 2049 995 2114 gestorum
1020 2045 1168 2099 actio
1191 2046 1275 2101 83.
1301 2046 1418 2101 256.

324 2121 1062 2194 Nichtigkeitsbeschwerde
1087 2124 1204 2178 353.

324 2198 473 2253 Noui
497 2199 680 2270 operis
704 2200 976 2255 nuntiatio
999 2201 1117 2255 298.
1143 2201 1263 2255 388.
1289 2201 1407 2256 431.

324 2276 712 2347 Noxalklagen
754 2277 870 2330 124.
921 2278 1179 2350 Fassung
1220 2280 1336 2333 154.
1384 2280 1514 2349 2643
1561 2283 1728 2337 inter·

530 2351 903 2423 rogatorische
930 2355 1057 2423 1273
1084 2356 1154 2411 de
1179 2357 1446 2427 pauperie
1472 2358 1587 2413 154.

325 2571 541 2638 Oneris
564 2584 746 2637 auersi
770 2583 916 2638 actio
938 2586 1056 2640 240.

324 2659 522 2715 Oneris
545 2660 761 2715 ferendi
786 2662 1024 2716 seruitus
1050 2664 1166 2718 153.

324 2736 446 2808 Ope
471 2738 698 2793 consilio
722 2740 841 2793 260.

323 2814 392 2870 de
418 2815 616 2886 Operis
638 2816 963 2871 libertorum
987 2817 1102 2871 269.

323 2892 522 2963 Operis
545 2892 675 2946 noui
699 2892 975 2947 nuntiatio
997 2893 1117 2948 298.
1145 2895 1261 2948 388.
1287 2895 1404 2951 431.

321 2971 557 3041 Oportet
590 2970 649 3023 in
681 2971 789 3025 den
814 2970 1073 3025 Formeln
1106 2974 1223 3027 213.
1249 2974 1400 3029 2442.
1425 2974 1577 3031 4369.
1606 2976 1723 3030 176.

319 3200 392 3254 de
415 3191 618 3255 Paetis
644 3204 701 3254 et
725 3200 1181 3255 conuentionibus
1207 3202 1289 3258 53.

318 3277 554 3331 Pactum
581 3277 650 3330 de
675 3291 784 3330 non
808 3279 1051 3347 petendo
1074 3280 1367 3350 (exceptio)
1390 3281 1508 3337 4³0.

317 3355 530 3409 Parens
555 3354 918 3410 manumissor
940 3355 1059 3410 282.

322 3432 391 3486 de
416 3432 593 3485 Pastu
617 3430 833 3502 pecoris
858 3434 974 3488 156.

317 3508 770 3562 Patronatisches
792 3509 1068 3564 Erbrecht
1089 3510 1209 3565 278.
1236 3511 1353 3566 282.
1380 3512 1499 3568 285.
1526 3514 1644 3569 286.

1088 3588 1189 3642 der
1227 3588 1444 3644 Kinder
1486 3591 1584 3645 des
1615 3592 1722 3646 Pa·

1175 3670 1326 3720 trons
1351 3667 1468 3722 282.
1495 3668 1615 3724 286.

317 3738 595 3793 Patronus
620 3739 695 3791 im
720 3739 954 3794 Prozess
979 3741 1063 3796 55.
1092 3742 1174 3797 67.
1198 3744 1283 3797 89.

315 3815 589 3869 Pauliana
614 3815 758 3869 actio
781 3817 901 3871 351.

317 3892 622 3961 Pauperies
647 3893 764 3946 154.

318 3970 387 4024 de
412 3969 642 4023 Peculio
668 3976 724 4022 ct
746 3969 803 4022 in
826 3986 942 4024 rem
968 3987 1128 4025 uerso
1151 3974 1270 4027 223.

317 4048 387 4101 de
412 4046 662 4101 Pecunia
686 4048 985 4102 constituta
1012 4049 1128 4104 196.

316 4124 661 4179 Permutatio
684 4124 806 4177 238.

314 4202 875 4257 Personalexecution
898 4203 982 4257 34.
1008 4203 1127 4258 327.

314 4278 712 4350 Pfandklagen
736 4279 840 4334 393
865 4278 982 4350 fgg.

314 4355 698 4428 Pigneraticia
722 4355 869 4412 actio
891 4357 1010 4412 201.

313 4432 500 4487 Pluris
526 4433 724 4503 petitio
750 4434 866 4488 100.

313 4510 767 4581 Popularklagen
790 4510 875 4564 41.
903 4511 1020 4566 291.
1046 4511 1163 4566 293.

313 4587 566 4641 Positum
592 4592 649 4642 et
672 4603 999 4657 suspensum
1026 4589 1140 4643 133.

312 4664 600 4719 Possessio
625 4664 702 4732 (in
728 4664 836 4720 den
860 4665 1456 4733 Edictcommentaren)
1481 4667 1561 4722 18.

624 4758 697 4796 an
719 4740 1453 4813 Provinzialgrundstiicken
1482 4744 1595 4799 148.

623 4835 725 4889 pro
749 4818 954 4875 herede
980 4826 1078 4874 aut
1099 4837 1201 4891 pro
1226 4836 1538 4891 possessore
1564 4823 1680 4877 139.

310 4895 663 4950 Possessoria
688 4896 1017 4952 hereditatis
1038 4898 1236 4968 petitio
1260 4899 1377 4953 141.

312 4971 723 5027 Possessorium
744 4973 1100 5030 interdictum
1124 4975 1244 5031 365.

314 5048 383 5104 de
409 5049 752 5104 Postulando
776 5051 860 5106 61.

312 5125 833 5199 Priiceptionslegat
858 5129 973 5184 164.

306 5202 552 5258 Praedia
574 5204 871 5260 tributoria
896 5210 953 5261 et
977 5205 1341 5277 stipendiaria
1366 5209 1483 5264 148.

2197 1212 2269 1250 an
2292 1195 2437 1250 liber
2461 1196 2533 1250 sit
2556 1197 2623 1264 (‘?)
2647 1198 2767 1252 305.

2195 1290 2268 1327 an
2292 1272 2523 1328 libertus
2548 1274 2621 1329 sit
2641 1276 2762 1329 271.

2199 1366 2272 1404 an
2296 1367 2489 1405 seruus
2514 1351 2586 1405 sit
2610 1352 2804 1419 (‘?)308

2194 1429 2264 1482 de
2289 1433 2453 1498 partu
2476 1393 2831 1519 agnoscendo
2855 1428 2975 1483 248.

2196 1511 2406 1575 quanta
2431 1506 2530 1560 dos
2555 1505 2629 1559 sit
2651 1506 2772 1560 314.

1798 1579 2411 1650 Prajudicialeinreden
2436 1584 2554 1636 110.
2580 1583 2700 1638 403.

1798 1658 2176 1730 Praescriptio
2201 1659 2354 1730 longi
2378 1659 2644 1731 temporis
2666 1660 2786 1715 403.

1800 1735 2277 1807 Praescriptiones
2300 1737 2386 1790 26.
2416 1737 2535 1792 115.
2562 1738 2680 1792 117.
2709 1737 2825 1791 118.
2854 1736 2968 1792 121.
2995 1736 3112 1790 123.

1798 1812 2170 1883 Praescriptis
2194 1812 2381 1867 uerbis
2405 1815 2552 1868 actio
2576 1814 2696 1869 238.

1798 1890 2096 1945 Praestare
2122 1891 2274 1945 1644.
2302 1891 2452 1944 1658.
2476 1891 2596 1945 213.
2624 1891 2777 1946 2361.
2801 1890 2903 1946 237
2915 1894 2953 1945 ⁵.

1798 1967 2034 2021 Praetor
2056 1965 2599 2021 fideicommissarius
2623 1969 2705 2021 11.

1800 2044 1870 2098 de
1894 2043 2158 2099 Precatio
2181 2044 2301 2100 389.

1797 2120 2179 2193 Priuilegiarii
2202 2121 2500 2176 creditores
2524 2121 2641 2175 345.

1797 2198 1910 2252 Pro
1933 2200 2141 2270 praede
2167 2198 2280 2253 litis
2305 2203 2362 2253 et
2384 2197 2754 2253 uindiciarum
2779 2196 2897 2252 109.
2925 2196 3046 2252 409.

1798 2276 1913 2330 Pro
1936 2276 2088 2331 socio
2111 2277 2231 2331 236.

1799 2354 2171 2408 Proclamatio
2195 2353 2253 2407 in
2278 2352 2592 2407 libertatem
2615 2352 2733 2407 306.

1799 2431 2134 2485 Procurator
2158 2432 2225 2485 78
2248 2430 2367 2502 fgg.
2395 2431 2513 2484 325.

1796 2507 2141 2562 Proiudicati
2164 2509 2281 2563 330.
2308 2508 2426 2562 332.

1795 2584 2126 2658 Prorogatio
2153 2585 2260 2639 fori
2283 2585 2400 2638 445.
2429 2585 2517 2639 45.

1794 2661 2137 2734 Proscriptio
2160 2662 2427 2716 bonorum
2451 2661 2572 2715 342.

1793 2739 2127 2794 Protutoren
2151 2740 2269 2793 256.
2298 2740 2381 2793 99.
2409 2739 2528 2792 254.

1794 2816 2498 2888 Provincialgrundstiicke
2527 2815 2644 2870 148.

1794 2892 2155 2948 Prozessuale
2181 2892 2541 2947 Consumtion
2565 2893 2649 2948 99.
2678 2892 2796 2948 100.
2823 2891 2942 2946 226.
2969 2890 3088 2945 403.

1794 2970 2140 3026 Publicanen
2165 2972 2284 3026 268.
2312 2973 2431 3026 311.

1794 3047 2128 3102 Publiciana
2151 3050 2298 3103 actio
2323 3050 2449 3116 129;
2493 3047 2812 3103 rescissoria
2836 3047 2921 3101 98.

1795 3124 2049 3196 Pupillus
2072 3125 2394 3180 indefensus
2418 3127 2537 3180 333.

1795 3343 1969 3425 Quae
1992 3356 2050 3408 in
2075 3354 2327 3409 fraudem
2352 3355 2688 3408 creditorum
2711 3354 2829 3408 398.
2855 3352 2966 3422 vgl.
2994 3353 3111 3406 351.

1795 3430 1976 3494 Quam
1999 3430 2366 3485 hereditatem
2391 3431 2511 3484 363.

1795 3508 1975 3572 Quam
2000 3507 2321 3562 seruitutem
2346 3506 2466 3562 386.

1795 3586 2016 3650 Quanta
2042 3585 2140 3638 dos
2165 3584 2238 3638 sit
2259 3585 2379 3638 314.

1794 3663 2041 3727 Quarum
2065 3678 2248 3716 rerum
2271 3661 2419 3715 actio
2443 3675 2552 3713 non
2577 3659 2741 3714 datur
2762 3658 2880 3712 405.

1794 3740 1973 3804 Quem
1997 3739 2229 3793 fundum
2253 3740 2371 3793 381.

1793 3819 1971 3882 Quem
1995 3834 2154 3871 usum
2179 3816 2420 3870 fructum
2445 3816 2562 3869 382.

1793 3895 2035 3959 Querela
2059 3892 2352 3948 inofficiosi
2379 3890 2699 3947 testamenti
2725 3891 2843 3945 111.

1792 3971 1902 4036 Qui
1928 3971 2128 4025 absens
2152 3970 2358 4025 iudicio
2385 3970 2646 4024 defensus
2670 3983 2779 4021 non
2803 3965 2974 4020 fuerit
2997 3967 3114 4020 333.

1790 4047 1902 4113 Qui
1926 4047 2215 4102 arbitrium
2237 4047 2549 4117 receperint
2575 4047 2690 4101 103.

1791 4125 1900 4189 Qui
1926 4124 2290 4180 fraudationis
2314 4141 2484 4179 causa
2507 4122 2754 4178 latitabit
2777 4122 2895 4176 333.

1792 4201 1903 4266 Qui
1926 4217 2107 4271 neque
2132 4207 2433 4273 sequantur
2456 4216 2636 4271 neque
2664 4200 2938 4254 ducantur
2960 4197 3080 4252 331.

1791 4278 1900 4343 Qui
1925 4296 2025 4350 pro
2049 4280 2174 4334 aliis
2198 4297 2268 4335 ne
2293 4279 2575 4351 postulent
2596 4278 2677 4332 61.

1791 4355 1902 4420 Qui
1928 4356 2197 4411 satisdare
2223 4361 2493 4428 cogantur
2516 4356 2601 4410 66.

1789 4432 2006 4497 Quibus
2066 4450 2131 4488 ex
2200 4434 2381 4489 causis
2449 4435 2507 4488 in
2574 4431 2974 4505 possessionem
3044 4431 3202 4481 eatur

1788 4587 2005 4652 Quibus
2027 4604 2137 4642 non
2163 4588 2428 4657 competit
2450 4587 2720 4641 bonorum
2742 4580 3019 4655 possessio
3043 4579 3161 4634 288.

1789 4664 1951 4728 Quod
1977 4665 2369 4735 cuiuscumque
2392 4661 2772 4717 uniuersitatis
2797 4657 3016 4715 nomine
3040 4657 3125 4712 82.

1788 4742 1953 4807 Quod
1978 4758 2102 4796 cum
2128 4758 2211 4810 eo,
2237 4741 2334 4810 qui
2354 4740 2411 4794 in
2436 4740 2620 4795 aliena
2641 4741 2919 4811 potestate
2945 4735 3053 4791 erit
3075 4733 3196 4790 218.

1789 4819 1950 4883 Quod
1999 4817 2140 4872 falso
2185 4824 2365 4873 tutore
2421 4820 2645 4871 auctore
2701 4819 2922 4887 gestum
2964 4813 3032 4882 (7)
3075 4824 3197 4864 csse

1995 4895 2212 4949 dicatur
2235 4895 2320 4949 99.

1788 4972 1951 5038 Quod
1976 4973 2129 5026 iussu
2152 4972 2274 5026 222.

1786 5050 1949 5115 Quod
1974 5050 2283 5121 legatorum
2306 5049 2426 5103 362.

1788 5128 1951 5192 Quod
1975 5133 2153 5182 metus
2178 5144 2346 5182 causa
2368 5126 2454 5180 90.

1788 5204 1949 5269 Quod
1976 5204 2208 5275 quisque
2234 5204 2368 5258 iuris
2392 5202 2477 5256 47.
