3736 5919
38 5466 45 5615 ..γι-Ἶ-

570 365 697 430 216
1646 365 1782 426 Tit.
1821 364 2062 425 xvm.
2153 362 2186 439 ς
2229 365 2368 423 103.

914 534 1408 618 neyotiabituffl),
1498 534 1664 615 quod
1749 555 1882 594 cum
1970 535 2097 613 e02)
2176 533 2301 595 eius
2389 533 2600 594 mercis
2687 531 2986 608 uominess)
3074 541 3445 593 contractum

914 639 1105 716 erist),
1153 680 1503 699 .......

568 737 708 803 Der
744 736 1005 803 hiet-auf
1032 736 1329 821 folgende
1366 734 1714 800 Abschnitt
1751 735 1862 801 des
1904 734 2348 801 Commentars
2385 733 2544 798 wird
2589 733 2949 819 eingeleitet
2989 732 3190 798 durch
3228 733 3333 800 ein
3377 732 3446 797 in

571 841 647 905 fr.
686 840 728 905 5
764 840 803 924 5
838 840 899 905 5.
939 841 978 905 6
1014 840 1077 904 h.
1116 854 1159 903 t.
1200 837 1593 903 enthaltenes
1631 838 1922 904 Referat:

914 942 1045 1007 Per
1099 940 1262 1006 hanc
1316 941 1631 1005 actionem
1685 940 1877 1004 tribui
1929 940 2184 1004 iubetur
2236 938 2409 1022 quod
2472 961 2552 1004 ex
2614 961 2692 1003 ea
2751 960 2962 1005 merce
3017 952 3080 1004 et
3132 938 3308 1022 quod
3370 958 3446 1002 eo

912 1044 1168 1108 nomine
1204 1054 1532 1128 receptum
1569 1055 1682 1107 est.
1726 1051 1741 1060 '
1771 1043 1850 1106 In
1888 1041 2198 1106 tributum
2234 1054 2449 1106 autem
2486 1051 2817 1117 uocantur,
2865 1040 2976 1125 qui
3022 1042 3089 1106 in
3133 1050 3448 1126 potestate

913 1146 1172 1221 habent,
1211 1168 1358 1211 cum
1395 1144 1810 1210 creditoribus
1848 1143 2095 1208 mercis.

571 1248 803 1315 Dieeer
854 1248 1117 1314 Bericht
1172 1248 1312 1332 gibt
1373 1247 1716 1312 zweifelloe
1779 1246 1904 1312 den
1959 1244 2356 1310 Edictinhalt
2408 1245 2536 1310 fast
2596 1245 2884 1311 wb'rtlich
2944 1245 3200 1311 wieder.
3307 1244 3450 1309 Das

570 1352 796 1435 „quod
834 1373 913 1415 ex
950 1373 1027 1415 ea
1064 1372 1273 1415 merce
1311 1362 1405 1415 est
1442 1362 1505 1414 et
1540 1349 1714 1433 quod
1752 1369 1826 1413 eo
1862 1347 2118 1413 nomine
2154 1358 2480 1432 receptum
2526 1355 2674 1412 est“
2718 1348 2906 1414 kehrt
2950 1348 3020 1413 in
3062 1347 3191 1413 fast
3234 1369 3451 1433 genau

569 1452 1252 1519 iibereinstimmender
1285 1452 1586 1538 Fassung
1630 1451 1732 1516 bei
1771 1448 1920 1516 Gai.
1960 1451 2000 1514 9
2036 1451 2114 1515 fr.
2159 1451 2232 1514 11
2273 1450 2333 1514 h.
2373 1461 2417 1514 t.
2456 1450 2589 1514 und
2631 1450 2698 1515 in
2734 1451 2773 1536 5
2808 1452 2849 1516 3
2884 1451 2939 1515 L
2976 1450 3153 1535 quod
3188 1471 3338 1515 cum
3373 1471 3449 1515 eo

570 1557 656 1635 (4.
695 1557 761 1639 7)
798 1556 1033 1620 wieder
1077 1555 1212 1619 und
1248 1553 1405 1619 wird
1440 1576 1567 1618 von
1602 1552 1845 1639 Ulpian
1882 1553 2081 1618 sofort
2117 1552 2398 1618 nachher
2431 1554 2497 1618 in
2534 1553 2613 1617 fr.
2649 1553 2692 1617 5
2726 1553 2765 1638 5
2804 1553 3058 1617 11—14
3094 1552 3157 1617 h.
3195 1565 3241 1617 t.
3279 1574 3455 1617 com-

570 1658 848 1723 mentirt.
921 1658 1145 1735 „Cum
1182 1656 1599 1723 creditoribus
1634 1655 1916 1721 mercis“
1954 1656 2034 1720 ist
2068 1656 2136 1720 in
2170 1655 2248 1720 fr.
2285 1654 2327 1719 5
2362 1655 2401 1740 5
2443 1654 2693 1720 15—18
2730 1655 2791 1719 h.
2830 1667 2875 1719 t.
2913 1656 3237 1721 erliiutert.
3320 1654 3454 1731 „In

570 1760 882 1824 tributum
918 1760 1188 1824 uocari“
1224 1797 1311 1807 —
1346 1759 1459 1824 der
1495 1758 1845 1823 Ausdruck
1888 1758 1970 1822 ist
2016 1757 2182 1822 ohne
2220 1757 2485 1823 Zweifel
2530 1757 2820 1837 edicta15)
2857 1795 2938 1805 —
2976 1758 3043 1823 in
3077 1757 3156 1822 fr.
3194 1757 3237 1821 5
3273 1757 3314 1841 5
3351 1756 3451 1833 19,

570 1861 648 1926 fr.
690 1864 725 1925 7
766 1884 861 1946 pr.
900 1860 962 1924 h.
1002 1873 1047 1925 t.
1136 1861 1276 1926 Der
1309 1860 1573 1926 Bericbt
1607 1860 1691 1925 iet
1734 1860 1892 1925 aber
1925 1859 2102 1924 nicht
2143 1882 2311 1946 ganz
2357 1859 2763 1945 vollst'andig.
2853 1860 3112 1925 Einmal
3156 1859 3296 1925 teilt
3341 1858 3452 1923 der

574 1962 1037 2029 Gewalthaber
1070 1963 1385 2028 natiirlich
1421 1986 1542 2027 nur
1570 1962 1742 2028 dann
1778 1963 1914 2039 mit,
1953 1985 2140 2029 wenn
2183 1963 2297 2027 der
2325 1960 3049 2029 Gewaltunterworfene
3083 1961 3218 2027 ihm
3254 1971 3451 2026 etwas

572 2065 870 2151 schuldig
914 2065 996 2131 ist
1029 2068 1138 2141 „si
1172 2069 1325 2150 quid
1356 2069 1411 2130 ei
1445 2066 1825 2142 debebitur“‚
1870 2065 1991 2131 wie
2028 2088 2094 2130 es
2131 2065 2198 2130 in
2233 2066 2272 2149 5
2306 2064 2347 2128 3
2383 2065 2437 2128 I.
2484 2064 2657 2147 quod
2701 2087 2848 2130 cum
2885 2087 2961 2131 eo
2999 2066 3084 2145 (4.
3125 2066 3190 2145 7)
3237 2064 3454 2140 heiset,

571 2169 705 2233 und
759 2166 897 2233 dies
951 2190 1085 2232 war
1129 2166 1293 2232 auch
1346 2167 1434 2231 im
1480 2166 1671 2233 Edict
1726 2180 1981 2253 gesagt:
2037 2167 2207 2232 denn
2260 2167 2432 2232 diese
2475 2166 2631 2232 oder
2683 2166 2830 2233 sehr
2882 2166 3174 2232 iihnliche
3223 2166 3451 2233 Worte

570 2272 874 2336 erliiutert
930 2267 1174 2355 Ulpian
1227 2270 1294 2334 in
1347 2269 1425 2334 fr.
1482 2269 1525 2333 5
1588 2273 1621 2350 5
1679 2270 1891 2336 7-—10
1943 2268 2006 2334 h.
2061 2281 2105 2333 t.
2214 2268 2532 2334 Zweitens
2593 2292 2768 2334 muse
2829 2270 2919 2333 im
2972 2268 3160 2335 Edict
3222 2279 3452 2355 gesagt

569 2395 867 2459 gewesen
921 2373 1077 2448 sein,
1132 2372 1281 2436 dass
1326 2371 1429 2437 die
1477 2373 1857 2458 Verteilung
1909 2370 2663 2458 verhiiltnissmiissig
2716 2371 3004 2458 erfolgen
3050 2372 3228 2449 colle,
3283 2395 3449 2457 „pro

569 2489 708 2540 rata
743 2479 1084 2562 portione“
1121 2475 1185 2557 (5
1220 2474 1261 2538 3
1297 2474 1352 2538 Ι.
1390 2472 1523 2554 cit.)
1560 2473 1715 2539 oder
1748 2496 2034 2559 genauer
2077 2498 2240 2561 „pro
2275 2487 2415 2538 rata
2451 2478 2576 2539 eius
2612 2478 2779 2559 quod
2810 2478 3022 2560 cuique
3058 2475 3447 2540 debebitur-“2

571 2578 744 2642 diese
780 2579 1049 2643 letztern
1086 2576 1314 2642 Worte
1360 2576 1573 2661 liegen
1610 2576 1756 2641 dem
1793 2574 2212 2642 Commentar
2253 2576 2320 2641 in
2353 2576 2429 2641 fr.
2466 2575 2509 2639 5
2545 2575 2584 2660 5
2625 2577 2788 2658 19⁶),
2824 2576 2901 2642 fr.
2941 2577 2976 2640 7
3025 2599 3122 2662 pr.
3167 2577 3229 2641 h.
3275 2588 3321 2642 t.
3367 2599 3453 2641 zu

572 2678 864 2744 Grunde.

744 2779 929 2846 Nach
1001 2778 1273 2845 alledem
1346 2778 1557 2846 diirfte
1628 2780 1744 2845 der
1804 2793 1972 2846 erste
2033 2780 2361 2846 EdIctsatz
2432 2779 2767 2866 folgender
2825 2780 3093 2847 Massen
3162 2781 3454 2867 gelantet

570 2882 822 2948 haben:

919 2984 1040 3065 Qui
1071 3007 1261 3048 merce
1285 2987 1590 3071 peculiari
1623 2990 1838 3051 sciente
1874 3009 1960 3062 e0‚
2005 2989 2070 3050 iu
2107 2988 2275 3051 cuiue
2302 2998 2599 3072 potestate
2634 2990 2763 3061 erit,
2811 2988 3239 3071 neyotiabitur,
3288 2992 3459 3072 quod
3579 3022 3590 3035 -

917 3112 1050 3151 eum
1087 3110 1152 3151 eo
1190 3090 1315 3151 eius
1350 3091 1562 3152 mercis
1600 3092 1839 3154 nomine
1876 3100 2246 3153 contractum
2282 3091 2412 3163 erit,
2458 3090 2549 3152 ita
2592 3091 2687 3152 ius
2723 3091 2940 3164 dicam,
2985 3091 3132 3172 ut⁷)‚
3180 3092 3349 3175 quod
3381 3112 3458 3154 ea:

915 3213 985 3253 ea
1020 3212 1208 3253 meree
1243 3193 1355 3253 erit
1390 3213 1530 3254 eoue
1567 3194 1806 3255 nomine
1839 3203 2139 3276 receptum
2175 3193 2305 3265 erit,
2343 3194 2468 3254 eiu-3
2503 3193 2578 3267 ie,
2613 3193 2680 3254 in
2717 3193 2884 3254 cuius
2901 3203 3201 3277 potestate
3227 3195 3360 3266 erit,
3397 3195 3456 3259 si

916 3294 1068 3376 quid
1109 3295 1164 3356 ei
1215 3292 1542 3367 debebitur,
1597 3317 1731 3356 cum
1784 3293 2177 3357 creditoribus
2229 3295 2441 3356 mercis
2485 3315 2608 3378 pro
2660 3305 2800 3356 rata
2852 3296 2978 3358 eius
3023 3296 3191 3379 quod
3238 3297 3455 3379 cuique

917 3394 1226 3458 debebitur
1260 3396 1327 3457 in
1366 3395 1656 3458 tributum
1691 3399 2014 3477 uoceturss).

568 3497 708 3562 Der
744 3494 1160 3561 Commentar
1194 3495 1382 3561 hiezu
1419 3494 1710 3561 schliesst
1744 3495 1849 3561 bei
1885 3496 1965 3561 fr.
2005 3497 2040 3560 7
2079 3518 2176 3581 pr.
2213 3494 2276 3560 h.
2314 3506 2357 3559 t.
2396 3495 2499 3560 ab.
2588 3497 2751 3563 Wer
2784 3497 2903 3561 soll
2939 3497 3096 3563 oder
3130 3498 3286 3564 darf
3311 3522 3451 3564 nun

570 3600 725 3665 aber
760 3598 863 3664 die
901 3597 1285 3683 Verteilung
1322 3598 1675 3684 beeorgen'?
1727 3597 1857 3664 Die
1896 3596 2156 3663 Clausel
2191 3597 2330 3683 gibt
2366 3597 2603 3662 darauf
2629 3598 2817 3664 keine
2852 3600 3172 3677 Antwort,
3207 3601 3450 3688 gerade

569 3703 689 3767 wie
727 3725 794 3767 es
831 3701 936 3767 bei
975 3698 1125 3766 Gai.
1163 3700 1265 3766 IV
1300 3700 1384 3763 72
1419 3700 1524 3764 iet.
1562 3700 1601 3785 5
1638 3701 1679 3765 3
1714 3701 1767 3765 1.
1807 3701 1912 3765 cit.
1950 3722 2116 3786 ganz
2154 3699 2604 3784 unpers6nlich
2641 3701 2867 3767 heisst:

909 3813 1166 3887 praetor
1209 3800 1299 3866 ita
1341 3801 1442 3866 ius
1488 3802 1659 3880 dicit,
1705 3814 1779 3868 ut
1813 3802 2127 3888 quidquid
2168 3802 2235 3866 in
2279 3801 2378 3866 his
2422 3801 2741 3868 mercibus
2787 3803 2906 3869 erit
2950 3805 3254 3890 quodque
3296 3805 3451 3871 inde

912 3915 1240 3989 receptum
1276 3903 1415 3980 erit,
1451 3902 1519 3968 id
1551 3903 1717 3970 inter
1754 3952 2332 3972 ...........
2372 3905 2806 3971 distribuatur.

570 4006 754 4072 Aber
791 4006 894 4072 die
932 4006 1137 4071 citirte
1172 4005 1804 4073 Institutionenstelle
1840 4006 2022 4072 ffihrt
2057 4007 2210 4071 fort:

639 4224 690 4289 1)
725 4222 855 4287 Qui
888 4222 1288 4293 negotiabitur:
1330 4223 1464 4294 Ulp.
1490 4224 1558 4278 29
1584 4224 1650 4279 fr.
1677 4225 1712 4279 5
1737 4226 1768 4297 5
1790 4226 1825 4280 2
1848 4225 1906 4279 h.
1933 4230 1974 4279 t.
2046 4224 2294 4279 nachher
2335 4224 2584 4279 erwflhnt
2624 4226 2777 4279 vird.
2868 4226 2989 4280 Der
3028 4226 3234 4281 Priitor
3277 4228 3453 4283 denkt

571 4299 711 4353 Zum
752 4315 969 4370 ganzen
1000 4300 1211 4354 Absatz
1242 4300 1355 4371 vgl.
1389 4301 1534 4355 noch
1575 4300 1641 4356 fr.
1678 4303 1707 4355 1
1743 4303 1773 4372 5
1806 4303 1878 4357 20
1908 4303 1978 4357 de
2046 4301 2191 4355 auch
2223 4317 2328 4372 gar
2358 4301 2514 4356 nicht
2544 4302 2694 4356 bloss
2725 4319 2799 4356 an
2830 4303 2922 4357 die
2954 4302 3102 4357 actio
3134 4303 3452 4375 tributoria,

569 4391 746 4430 exerc.
773 4381 879 4430 act.
907 4377 1011 4445 (14.
1041 4377 1108 4443 1),
1135 4375 1203 4430 fr.
1228 4377 1296 4430 27
1321 4395 1405 4448 pr.
1435 4378 1505 4432 de
1528 4377 1749 4448 peculio
1773 4380 1973 4448 (15.1).
2045 4378 2284 4432 sondern
2301 4378 2445 4432 auch
2464 4395 2537 4432 an
2562 4378 2652 4433 die
2677 4377 2993 4451 freiwillige
3013 4379 3337 4453 Abtretung
3354 4382 3454 4436 den

635 4454 689 4519 2)
714 4453 844 4523 Ulp
871 4453 940 4506 29
964 4452 1031 4506 fr.
1058 4454 1093 4508 5
1117 4454 1147 4524 5
1172 4454 1207 4507 3
1229 4454 1284 4507 h.
1311 4459 1350 4509 t.
2043 4454 2361 4509 Peculiums
2382 4471 2510 4508 zum
2531 4454 2800 4511 Verkauf.
2871 4456 3020 4512 Dem
3046 4456 3453 4513 Gewalthaber

635 4531 690 4597 3)
714 4529 845 4600 Ulp.
871 4530 941 4583 29
964 4529 1031 4584 fr.
1057 4531 1092 4585 5
1117 4531 1148 4602 5
1171 4532 1205 4584 4
1229 4531 1284 4584 h.
1312 4536 1354 4585 t.
2040 4531 2116 4586 ist
2140 4531 2230 4585 die
2255 4530 2587 4604 Besorgung
2618 4532 2719 4587 der
2740 4532 3077 4605 Verteilung
3108 4540 3454 4605 gentattet

634 4605 690 4673 4>
715 4607 845 4677 Vgl.
875 4605 1000 4662 Gai.
1025 4607 1110 4662 1v
1137 4608 1204 4661 72
1228 4610 1318 4662 cit.
2040 4607 2347 4679 (permittit,
2372 4608 2403 4678 5
2426 4609 2461 4662 3
2483 4609 2528 4662 I.
2556 4608 2689 4678 cit.),
2712 4608 2870 4663 nicht
2891 4609 3190 4681 auferlegt.

637 4684 692 4751 5)
719 4684 848 4754 Vgl.
875 4683 942 4738 fr.
971 4685 1001 4738 1
1025 4702 1129 4755 pr.‚
1162 4683 1231 4738 fr.
1257 4685 1293 4738 5
1317 4684 1348 4755 5
1374 4685 1455 4738 15.
1484 4684 1568 4753 18,
1592 4683 1658 4739 fr.
1685 4685 1717 4739 7
1742 4703 1822 4756 pr.
1847 4686 1903 4740 h.
1929 4692 1968 4741 t.
2110 4685 2163 4753 8)
2189 4683 2492 4756 Unrichtig
2514 4685 2587 4739 ist
2610 4701 2688 4754 es,
2722 4701 2882 4740 wenn
2913 4686 3157 4741 Keller
3188 4687 3446 4755 (Jahrbb.

634 4759 688 4825 6)
722 4760 983 4815 Tributio
1024 4766 1211 4815 autem
1252 4759 1317 4814 fit
1355 4777 1458 4831 pro
1497 4768 1620 4817 rata
1661 4762 1779 4817 eius
1819 4765 1970 4834 quod
2041 4762 2094 4816 d.
2130 4777 2278 4833 gem.
2313 4761 2434 4815 Rts.
2460 4762 2549 4815 111
2575 4761 2628 4816 S.
2658 4727 2760 4817 195
2783 4762 2886 4835 fg.)
2917 4763 2978 4816 in
3009 4764 3196 4818 seiner
3227 4763 3452 4818 Formel

562 4834 767 4906 cuique
793 4837 1081 4892 debeatur.
2044 4838 2136 4893 die
2176 4837 2495 4909 klagenden
2530 4837 2842 4911 Gliiubiger
2872 4839 2957 4893 als
2991 4838 3227 4910 Subject
3260 4840 3409 4896 des
3389 4857 3449 4893 in

634 4912 687 4979 7)
713 4912 843 4984 Vgl.
874 4912 1000 4968 Gai.
1027 4913 1113 4969 IV
1137 4913 1228 4967 72:
1260 4913 1342 4969 ita
1373 4922 1598 4985 praetor
1627 4916 1714 4971 ius
1748 4915 1888 4971 dicit
1910 4922 1973 4970 ut
2041 4915 2308 4970 tributum
2331 4930 2535 4969 uocare
2560 4913 2827 4988 figuriren
2858 4916 3021 4970 lauet:
3065 4918 3149 4972 sie
3181 4917 3449 4973 werden

562 5028 581 5041 .
610 5029 622 5041 .
655 5030 666 5041 .
699 5029 712 5041 .
738 4988 912 5045 Diese
938 4990 1243 5063 Wendung
1272 4992 1440 5063 zeigt,
1475 4993 1604 5048 dass
1638 4994 1739 5048 der
1770 4993 1972 5048 Priitor
2041 4992 2311 5046 vielmehr
2349 4992 2452 5045 mit
2482 4992 2609 5046 dem
2643 4991 3039 5048 Gewalthaber
3078 4993 3138 5048 in
3179 4993 3449 5049 tributum

557 5063 623 5118 in
648 5064 778 5119 dem
802 5073 986 5122 ersten
1005 5066 1289 5123 Edictsatz
1311 5068 1468 5124 nicht
1485 5071 1660 5125 sofort
1681 5071 1852 5125 echon
1878 5070 1970 5124 die
2040 5069 2234 5137 vocirt,
2257 5068 2369 5140 vgl
2397 5067 2466 5122 fr.
2493 5069 2522 5122 1
2540 5086 2645 5139 pr.‚
2670 5071 2706 5124 5
2727 5070 2759 5140 5
2784 5071 2833 5124 6.
2863 5071 3044 5126 15.18
3063 5069 3118 5126 h.
3137 5075 3178 5125 t.
3225 5069 3284 5126 S.
3305 5069 3447 5126 auch

560 5140 713 5195 actio
735 5142 1029 5199 tributoria
1046 5144 1310 5217 verbices,
1335 5146 1427 5201 die
1451 5147 1547 5203 bei
1566 5146 1693 5204 Gai.
1719 5148 1755 5202 1.
1783 5164 1830 5203 c.
1855 5152 1971 5202 erat
2039 5109 2337 5215 Bekk'er,
2361 5144 2646 5200 Aktionen
2669 5145 2729 5200 11
2756 5145 2811 5202 S.
2839 5147 2958 5203 338.
