3736 5919
1128 414 1303 487 urit.
1336 413 1476 475 xv.
1566 413 1601 489 §
1641 416 1912 484 79-81.
2003 415 2059 476 2.
2107 412 2168 492 (ς
2206 410 2333 491 81).
3059 410 3188 479 165

655 579 735 645 In
769 578 1078 646 iudicium
1114 580 1436 646 communi
1464 580 1817 647 diuidundo
1854 603 2075 647 omnes
2109 603 2212 647 res
2247 581 2534 658 ueniunt,
2569 581 2694 647 nisi
2728 580 2783 648 si
2810 582 2966 667 quid
2993 582 3188 650 fuerit

657 706 738 748 ex
774 682 1096 748 communi
1132 704 1445 749 consensu
1481 696 1822 769 exceptum
1855 684 2251 761 nominatim,
2288 706 2370 749 ne
2406 685 2705 764 ueniat1).

311 784 611 852 Hienaeh
647 785 822 851 kann
857 785 972 851 der
1004 784 1225 851 Judex
1260 786 1464 852 durch
1499 786 1602 851 die
1635 786 1898 852 Formel
1941 810 2063 851 nur
2107 785 2361 852 einfaeh
2405 786 2845 873 ausgefordert
2889 810 3188 874 gewesen

309 889 470 965 sein,
509 889 626 953 das
663 895 1104 965 ,‚eommune“
1139 912 1222 952 zu
1257 888 1469 955 teilen.

487 991 734 1056 Ferner
768 981 1052 1066 enthielt‚
1089 1013 1220 1055 was
1257 990 1472 1056 bisher
1507 990 1846 1075 allgemein
1883 990 2240 1056 iibersehen
2265 993 2544 1069 worden,
2582 992 2685 1058 die
2712 992 3189 1072 demonstratio,

313 1117 480 1178 ganz
525 1093 646 1157 wie
691 1094 795 1157 die
839 1093 954 1157 der
995 1091 1161 1157 aetio
1206 1092 1485 1158 familiae
1531 1088 1963 1168 erciscundae,
2018 1092 2203 1158 einen
2257 1094 2377 1158 auf
2421 1095 2524 1159 die
2569 1096 3028 1181 praestationes
3073 1120 3190 1185 ge-

310 1202 620 1262 miinzten
648 1195 904 1270 Zusatz‚
934 1194 1049 1259 der
1073 1216 1195 1259 uns
1222 1193 1371 1260 sehr
1395 1193 1920 1259 wahrseheinlieh
1949 1194 2018 1258 in
2043 1195 2168 1259 den
2196 1195 2725 1262 formalistisehen
2754 1198 3191 1285 VVendungen

311 1298 429 1364 des
465 1298 544 1364 fr.
581 1299 623 1363 3
658 1320 753 1384 pr.
790 1296 852 1361 h.
891 1308 936 1361 t.
972 1295 1154 1382 (Ulp.
1191 1297 1277 1362 30
1311 1296 1395 1361 ad
1433 1295 1682 1377 Sabin.)
1720 1306 2105 1383 wortgetreu
2142 1297 2508 1363 iiberliefert
2543 1298 2652 1363 ist:

658 1399 738 1465 In
775 1398 1096 1464 communi
1132 1399 1486 1464 diuidundo
1529 1398 1766 1464 iudicio
1800 1398 1959 1464 nihil
2002 1400 2296 1485 peruenit
2339 1400 2506 1465 ultra
2551 1400 2929 1468 diuisionem
2973 1426 3189 1469 rerum

657 1502 942 1588 ipsarum
996 1524 1160 1586 quae
1214 1523 1583 1568 communes
1637 1501 1764 1567 sint
1814 1513 1889 1567 et
1944 1501 2005 1566 si
2059 1502 2239 1586 quid
2298 1503 2377 1568 in
2437 1503 2553 1567 his
2618 1503 2866 1569 damni
2932 1506 3189 1570 datum

659 1604 1045 1669 factumue
1081 1614 1194 1669 est
1238 1604 1401 1669 siue
1446 1604 1627 1688 quid
1663 1626 1747 1670 eo
1781 1603 2088 1669 nomine
2126 1616 2255 1671 aut
2289 1605 2508 1671 abest
2542 1605 2778 1671 alicui
2812 1607 3190 1673 sociorum

662 1716 790 1771 aut
825 1707 917 1771 ad
952 1728 1118 1771 eum
1153 1707 1505 1792 peruenit
1542 1729 1632 1771 ex
1666 1729 1744 1772 re
1781 1707 2175 1772 communi.

316 1810 448 1874 Die
475 1808 783 1875 Existenz
821 1808 1027 1873 dieses
1056 1809 1366 1874 Zusatzes
1403 1809 1610 1895 ergibt
1648 1809 1785 1874 sich
1819 1809 1996 1875 nieht
2020 1833 2144 1873 nur
2173 1833 2289 1875 aus
2318 1810 2432 1876 der
2466 1833 2762 1897 genauen
2789 1809 3193 1898 Ero‘rterung

315 1914 382 1978 in
448 1912 572 1978 den
617 1910 1112 1977 Commentaren
1176 1912 1332 1998 (vgl.
1386 1924 1585 1977 unten
1639 1936 1703 1976 n.
1759 1911 1856 1991 5),
1922 1910 2196 1976 sondern
2261 1912 2647 1978 namentlieh
2710 1913 2876 1978 auch
2938 1913 3194 1991 daraus,

312 2016 464 2080 dass
499 2037 601 2080 wo
637 2014 752 2080 der
785 2014 1022 2080 Zusatz
1061 2013 1302 2080 seinem
1339 2014 1667 2080 Wortlaut
1700 2014 1864 2079 nach
1901 2013 2078 2079 nieht
2103 2014 2367 2092 zutrifft,
2412 2014 2585 2080 utilis
2615 2016 2782 2080 aetio
2817 2017 3188 2103 notwendig

315 2142 471 2184 war.
560 2116 718 2204 Ulp.
759 2118 841 2182 19
875 2117 952 2181 fr.
992 2117 1033 2181 6
1070 2139 1165 2202 ΡΥ.
1204 2114 1266 2181 h.
1305 2126 1378 2181 t.:

665 2218 737 2286 Si
772 2219 916 2304 quis
960 2230 1237 2304 putans
1282 2218 1401 2284 sibi
1444 2240 1591 2283 cum
1626 2217 1836 2283 Titio
1882 2217 2155 2282 fundum
2200 2239 2539 2285 commune
2585 2241 2723 2285 esse
2760 2219 3005 2285 fruetus
3049 2243 3197 2307 per-

662 2321 902 2408 ceperit
953 2321 1058 2386 uel
1111 2332 1439 2406 sumptum
1490 2319 1740 2397 feeerit,
1803 2342 1952 2385 eum
2005 2330 2173 2385 esset
2223 2342 2372 2385 eum
2424 2322 2578 2387 alio
2641 2323 3024 2401 communis,
3086 2323 3194 2410 agi

659 2424 894 2511 poterit
928 2423 1102 2488 utili
1138 2423 1461 2489 communi
1499 2422 1860 2488 diuidundo
1896 2422 2154 2487 iudicio,

316 2529 460 2596 Der
496 2526 749 2605 Grund,
794 2549 1042 2591 warum
1085 2525 1223 2592 hier
1267 2526 1370 2592 die
1408 2526 1649 2591 directa
1694 2525 1861 2591 aetio
1907 2536 2166 2613 versagt
2208 2525 2389 2603 wird,
2433 2525 2592 2613 liegt
2634 2528 3194 2613 augenseheinlieh

319 2632 524 2709 datin,
562 2631 711 2696 dass
746 2629 850 2695 die
876 2627 1515 2716 Fruohtperception‚
1552 2628 1752 2694 bezw.
1792 2628 1907 2695 der
1932 2627 2285 2706 Aufwand,
2321 2627 2516 2706 nieht,
2552 2628 2671 2694 wie
2707 2652 2776 2694 es
2813 2629 2926 2695 der
2955 2631 3193 2696 Zusatz

317 2737 384 2802 in
423 2736 536 2801 der
570 2731 1023 2799 demonstratio
1050 2731 1309 2809 sordet-t,
1349 2778 1388 2809 ‚,
1401 2730 1725 2797 communi
1743 2731 2003 2797 nomine
2016 2737 2055 2768 “
2091 2730 2455 2819 geschehen
2482 2731 2585 2808 ist,
2621 2731 2727 2797 ein
2753 2731 3195 2799 Erforderniss

316 2840 434 2904 des
486 2837 793 2903 iudicium
846 2834 1179 2913 directum,
1234 2835 1350 2899 das
1393 2833 1559 2899 auch
1603 2833 1671 2898 in
1714 2834 1793 2898 fr.
1840 2834 1882 2898 6
1925 2834 1964 2918 ἓ
2009 2835 2050 2898 2
2093 2833 2226 2899 und
2271 2833 2348 2899 fr.
2396 2834 2480 2898 14
2521 2857 2617 2920 pr.
2662 2833 2726 2898 h.
2771 2845 2817 2900 t.
2865 2835 3199 2923 energisch

318 2938 852 3028 hervorgehoben
887 2936 1066 3002 wird.

495 3040 792 3110 Hienaeh
829 3041 1047 3107 wiirde
1081 3040 1188 3106 ioh
1223 3050 1388 3107 etwa
1421 3039 1722 3125 folgende
1757 3039 2018 3104 Formel
2052 3038 2157 3103 fuir
2191 3038 2471 3125 moglieh
2508 3038 2752 3106 halten:

670 3145 852 3226 Quod
882 3145 964 3210 L.
1011 3147 1209 3208 Titius
1251 3143 1317 3209 C.
1357 3142 1529 3208 Seius
1540 3145 1588 3223 2>
1626 3145 1698 3207 de
1734 3144 2039 3206 communi
2078 3139 2309 3228 [eorum
2320 3139 2376 3226 Ρ]
2417 3144 2755 3208 diuidundo
2766 3144 2823 3226 3)
2865 3155 2921 3208 et
2962 3146 3019 3208 si
3052 3146 3207 3230 quid

663 3251 731 3312 in
767 3249 1072 3312 communi
1106 3244 1376 3324 damni⁴)
1414 3247 1625 3309 datum
1653 3243 1974 3331 factumue
2017 3246 2098 3308 sit
2140 3247 2267 3309 siue
2310 3247 2464 3330 quid
2495 3266 2563 3308 eo
2607 3248 2850 3310 nomine
2893 3259 3000 3311 aut
3043 3248 3203 3311 absit

665 3373 870 3415 eorum
916 3353 1014 3414 cui
1047 3361 1154 3413 aut
1189 3351 1275 3413 ad
1315 3370 1521 3413 eorum
1567 3370 1743 3434 quem
1779 3348 2217 3433 pervenerim,
2272 3349 2529 3411 iudicem
2571 3348 2692 3411 ,sibi
2735 3351 2878 3412 clari
2917 3351 3204 3434 postula-

665 3453 972 3532 uerunt⁸):
1011 3463 1308 3538 quantum
1345 3496 2038 3515 .............
2077 3451 2423 3513 adiudicari
2456 3461 2706 3535 oportet,
2743 3452 2926 3513 iudex
2961 3498 3201 3517 .....

669 3556 1103 3634 αᾱίαᾱίοαιοῦε
1159 3557 1462 3640 quidquid
1503 3554 1578 3618 ob
1624 3576 1756 3618 eam
1807 3574 1936 3616 rem
1980 3553 2236 3615 alterum
2283 3552 2461 3615 alten·
2498 3563 2810 3637 praestare
2853 3565 3087 3638 oportet
3131 3577 3206 3619 ex

650 3658 783 3743 fide
820 3657 1058 3734 bonass),
1097 3659 1242 3730 eius,
1281 3659 1480 3730 iudex,
1519 3656 1777 3719 alterum
1813 3656 1993 3718 alteri
2028 3677 2076 3717 c.
2114 3677 2163 3717 s.
2202 3678 2265 3717 π.
2294 3676 2366 3738 p.
2404 3677 2462 3717 a.

497 3760 660 3826 Was
713 3758 815 3824 die
868 3758 1151 3823 actiones
1196 3757 1382 3822 utiles
1437 3756 1717 3842 anlangt‚
1771 3778 1841 3820 so
1894 3778 2029 3820 war
2081 3755 2186 3819 fiir
2239 3754 2380 3820 eine
2433 3755 2670 3820 Klasse
2724 3754 3059 3822 derselben
3110 3758 3201 3823 im

326 3865 572 3930 Album
610 3861 750 3928 eine
787 3861 1138 3926 besondere
1172 3858 1433 3924 Formel
1467 3858 1823 3945 proponirt:
1871 3859 1975 3922 fiir
2010 3856 2371 3943 diejenigen
2406 3857 2589 3922 Faue
2624 3857 2922 3936 niimlioh‚
2959 3881 3060 3924 wo
3097 3860 3202 3928 die

327 3967 571 4033 directa
622 3964 788 4029 aetio
835 3964 1208 4049 desswegen
1253 3961 1430 4027 nieht
1474 3961 1816 4047 zustiindig
1865 3983 2018 4036 war,
2073 3958 2219 4024 weil
2261 3958 2365 4025 die
2411 3959 2691 4046 Teilung
2742 3960 2918 4026 einer
2960 3963 3206 4029 andern

327 4066 815 4139 Gemeinsohaft
843 4066 938 4131 als
967 4065 1340 4152 derjenigen
1375 4061 2050 4151 gemeinschaftliehen
2078 4061 2464 4148 Eigentums
2481 4063 2595 4144 (im
2622 4063 2950 4130 weitesten
2979 4064 3207 4151 Sinne)

397 4214 449 4280 1)
473 4211 603 4284 vgl.
631 4209 776 4264 auch
799 4209 958 4263 Paul.
984 4208 1174 4265 sent.1
1200 4209 1268 4262 18
1293 4208 1324 4278 ξ
1347 4207 1395 4262 5.
1868 4207 1922 4272 6)
1959 4204 2087 4261 Gai.
2121 4206 2153 4260 7
2187 4204 2253 4259 fr.
2287 4206 2323 4260 2
2354 4206 2386 4276 δ
2421 4208 2449 4260 1
2483 4207 2537 4261 h.
2569 4212 2607 4262 t.
2679 4206 2771 4261 Fr.
2797 4207 2829 4261 7
2860 4225 2941 4278 pr.
2979 4209 3049 4264 de
3090 4210 3208 4268 reb.

394 4291 449 4356 2)
473 4288 634 4343 Paul.
667 4288 738 4342 23
768 4286 834 4342 fr.
858 4287 894 4341 8
925 4304 1006 4356 pr.
1041 4286 1095 4339 h.
1122 4291 1161 4338 t.
1233 4283 1548 4339 Eventuell:
1582 4282 1731 4354 quod
1801 4298 1914 4337 eor.
1957 4284 2061 4350 (27.
2101 4284 2169 4352 9).
2252 4283 2382 4354 vgl.
2428 4283 2618 4338 Isidor.
2663 4284 2801 4356 orig.
2836 4284 2889 4339 V
2929 4285 3000 4340 25
3042 4287 3073 4358 ἓ
3114 4289 3211 4343 10:

325 4368 395 4423 L.
416 4366 601 4421 Titius
618 4364 763 4419 inter
779 4380 838 4419 se
858 4369 914 4419 et
932 4361 993 4418 Ο.
1016 4361 1204 4418 Seium
1226 4404 1238 4416 .
1266 4405 1277 4417 .
1305 4403 1318 4416 .
1340 4404 1351 4416 .
1373 4360 1728 4432 (postulauit).
1802 4358 2093 4414 Communi
2117 4358 2426 4414 diuidundo
2449 4365 2535 4415 est
2555 4360 2702 4416 inter
2725 4376 2819 4415 eos
2837 4361 3039 4432 quibus
3064 4381 3209 4419 eom·

398 4447 452 4513 3)
477 4444 607 4515 Ulp.
635 4443 701 4497 19
725 4442 790 4496 fr.
816 4441 851 4494 4
874 4458 955 4512 pr.
980 4471 1050 4482 -—·
1074 4440 1105 4510 ξ
1129 4441 1163 4492 2
1186 4439 1238 4495 h.
1258 4443 1317 4509 t.,
1342 4438 1497 4495 Paul.
1520 4439 1590 4494 23
1606 4438 1672 4493 fr.
1698 4439 1734 4493 8
1799 4437 1983 4491 munis
2018 4454 2108 4492 res
2142 4441 2252 4491 est:
2297 4453 2467 4507 quae
2514 4436 2695 4492 actio
2743 4438 2934 4494 iubet
2979 4447 3209 4511 postu·

327 4523 360 4593 ς
384 4523 417 4577 1
443 4522 495 4576 h.
522 4527 581 4589 t,
608 4518 733 4573 Gai.
760 4519 791 4572 7
816 4517 882 4572 fr.
907 4518 942 4572 2
965 4535 1047 4588 pr.
1073 4518 1128 4571 h.
1153 4522 1192 4572 t.
1241 4515 1379 4570 Zum
1397 4515 1563 4571 Wort
1588 4531 1731 4570 eom·
1799 4512 2110 4568 lantibus
2141 4514 2213 4568 iis
2247 4513 2606 4568 arbitrium
2640 4515 2695 4580 (l.
2722 4515 3011 4586 arbitrum)
3037 4517 3211 4587 dari,

325 4614 494 4655 mune
516 4598 628 4669 vgl.
661 4596 803 4650 noch
837 4612 882 4650 e.
909 4596 943 4649 3
964 4595 1025 4649 in
1058 4594 1259 4664 quibus
1287 4610 1433 4648 caus.
1470 4609 1605 4648 cess.
1631 4593 1666 4647 l.
1692 4598 1731 4648 t.
1802 4591 1960 4646 euius
1983 4590 2258 4645 arbitratu
2281 4607 2371 4645 res
2397 4590 2696 4645 diuidatur.

327 4693 567 4750 praescr.
596 4675 664 4742 (7.
685 4673 788 4738 34).
1872 4670 1924 4736 7)
1950 4667 2076 4723 Gai.
2103 4668 2186 4723 lv
2209 4669 2294 4722 42.
2346 4667 2556 4723 Hiezu:
2594 4668 2721 4737 Ulp.
2742 4669 2810 4722 19
2834 4666 2900 4723 fr.
2925 4669 2960 4723 6
2985 4669 3015 4740 ἓ
3038 4669 3213 4724 8-10

395 4754 450 4822 4)
476 4752 560 4808 cf.
587 4753 653 4807 fr.
680 4752 749 4805 26
773 4750 826 4806 h.
851 4756 890 4805 t.
1800 4744 1855 4802 h.
1881 4751 1939 4812 t.‚
1964 4745 2124 4799 Paul.
2151 4746 2220 4799 23
2244 4744 2309 4799 fr.
2339 4746 2407 4799 10
2432 4746 2463 4814 ξ
2488 4746 2518 4799 1
2543 4743 2597 4798 h.
2625 4749 2663 4797 t.

395 4831 604 4900 5)U1p.
633 4829 699 4883 19
723 4828 790 4882 fr.
815 4828 851 4882 4
883 4827 988 4898 53.
1012 4827 1066 4895 4,
1097 4824 1164 4880 fr.
1190 4827 1224 4880 6
1256 4843 1339 4897 pr.
1373 4855 1438 4865 —-
1474 4825 1505 4895 ξ
1541 4824 1571 4878 7
1603 4824 1657 4876 b.
1692 4828 1731 4878 t.
1871 4823 1926 4888 8)
1952 4822 2080 4893 Ulp.
2111 4823 2177 4876 19
2201 4822 2266 4877 fr.
2292 4823 2326 4876 6
2353 4823 2384 4893 ξ
2408 4824 2491 4877 11.
2520 4822 2586 4875 12
2611 4822 2662 4874 h.
2690 4825 2749 4889 t,
2774 4821 2933 4875 Paul.
2957 4821 3027 4875 23
3049 4820 3115 4876 fr.
3143 4822 3214 4877 10

324 4914 418 4976 (zu
464 4924 532 4963 eo
577 4906 798 4960 nomine
846 4903 1101 4975 speciell:
1161 4901 1228 4957 fr.
1279 4903 1313 4956 6
1359 4919 1443 4972 ΡΥ.
1479 4932 1546 4941 -
1581 4900 1611 4970 ἓ
1651 4900 1730 4968 2),
1800 4898 1890 4968 §2
1914 4898 1967 4952 h.
1988 4905 2026 4954 t.
2103 4899 2324 4970 Wegen
2350 4903 2679 4970 „praestare
2692 4900 2724 4928 ‘⁴
2752 4897 2863 4968 vgl.
2890 4897 2956 4952 fr.
2985 4899 3046 4952 11
3071 4898 3125 4952 b.
3150 4903 3211 4968 t.‚

322 4986 486 5042 Paul.
527 4985 599 5039 23
640 4983 706 5037 fr.
749 4984 785 5038 8
824 4983 855 5052 ξ
887 4982 1028 5037 2-4
1066 4982 1117 5049 (ξ
1149 4981 1210 5033 2:
1252 4978 1299 5032 si
1340 4978 1476 5049 quid
1518 4976 1730 5045 damnit,
1799 4973 1987 5030 ferner
2018 4975 2084 5031 fr.
2110 4977 2143 5029 4
2169 4977 2198 5045 ᾖ
2224 4977 2276 5044 3,
2302 4977 2389 5042 6§
2419 4977 2463 5029 1.
2488 4975 2541 5042 2,
2574 4975 2664 5042 20,
2696 4975 2767 5028 25
2799 4975 2851 5029 h.
2877 4979 2915 5029 t.
2989 4974 3212 5046 Wegen

325 5064 358 5134 ξ
382 5065 432 5118 3.
457 5064 518 5116 4:
544 5060 746 5131 siquid
771 5060 932 5114 abest
956 5074 1144 5112 eorum
1169 5057 1298 5124 eui),
1323 5056 1391 5111 fr.
1412 5057 1479 5110 10
1495 5071 1575 5125 pr.
1597 5055 1649 5108 h.
1670 5060 1732 5121 t.;
1800 5069 1868 5107 ex
1902 5053 2013 5106 fide
2045 5054 2216 5108 bona:
2263 5053 2330 5106 fr.
2367 5053 2404 5106 4
2435 5053 2466 5123 ξ
2497 5054 2549 5118 2,
2583 5052 2648 5107 fr.
2678 5052 2745 5106 14
2773 5052 2804 5122 ἓ
2831 5053 2882 5120 1,
2924 5050 2990 5107 fr.
3026 5053 3095 5106 24
3126 5070 3208 5122 ΡΥ.

327 5140 455 5196 Gai.
483 5140 514 5193 7
541 5139 608 5193 fr.
638 5137 702 5192 11
727 5138 780 5192 h.
799 5143 840 5191 t.
909 5136 994 5191 Zu
1019 5133 1426 5206 ,‚peruenerit“
1451 5131 1561 5203 vgl.
1587 5131 1731 5185 noeh
1799 5129 1853 5183 h.
1890 5135 1949 5196 t.‚
1991 5146 2036 5184 c.
2061 5131 2098 5183 3
2130 5146 2322 5185 comm.
2359 5133 2463 5184 utr.
2498 5131 2567 5192 (3.
2591 5130 2700 5198 38),
2743 5130 2777 5200 ἓ
2805 5129 2877 5185 28
2905 5129 2961 5186 J.
3000 5130 3071 5185 de
3102 5135 3213 5186 aet.

324 5217 487 5272 Paul.
511 5215 582 5271 22
607 5214 674 5269 fr.
702 5214 770 5269 19
792 5232 873 5285 ΡΥ.
901 5214 937 5266 i.
963 5211 1004 5267 f.
1031 5212 1101 5267 de
1125 5212 1303 5267 noxal.
1331 5215 1437 5265 act.
1465 5209 1532 5276 (9.
1557 5208 1626 5276 4).
1802 5207 1872 5274 (4.
1899 5207 1970 5274 6).
