3736 5919
571 406 700 471 336
1494 410 1633 469 Tit.
1670 409 2046 470 xxxvm.
2136 408 2170 485 ξ
2209 410 2353 468 209.
2391 410 2534 467 210.

920 626 1161 642 .....
1208 577 1374 641 intra
1418 598 1612 660 quem
1659 575 1830 641 diem
1875 576 1998 641 nisi
2041 589 2150 641 aut
2196 575 2386 641 adeat
2429 585 2702 660 aut,pro
2739 573 2973 639 herede
3008 583 3220 658 gerat,
3265 572 3460 638 dene-

921 703 1150 766 gamus
1187 680 1245 744 ei
1281 678 1580 744 actiones,

573 782 767 847 Blieb
812 782 914 848 die
960 781 1342 867 Befragung
1386 781 1735 868 durchweg
1778 782 2172 856 resultatlos,
2226 781 2509 845 insofern
2552 779 2799 844 Keiner
2850 801 2919 844 se
2971 778 3274 844 heredem
3318 801 3457 844 esse

575 884 973 970 respondirte
1012 884 1179 949 noch
1217 882 1382 949 auch
1421 898 1598 949 sonst
1636 884 1739 949 die
1775 883 2123 949 Erbschaft
2159 896 2396 961 antrat,
2444 904 2515 948 so
2561 883 2713 947 kam
2749 905 2819 949 es
2853 882 3018 966 jetzt
3054 880 3305 948 endlich
3343 904 3460 948 zur

578 987 891 1052 bonorum
927 986 1231 1052 uenditi0.

751 1090 886 1153 Fiir
920 1089 1045 1154 den
1071 1088 1237 1164 Fall,
1276 1089 1423 1154 dass
1461 1088 1597 1153 sich
1626 1089 1728 1154 die
1756 1087 2247 1174 Entscheidung
2282 1087 2475 1173 lange
2511 1086 2768 1173 hinzog,
2805 1085 3050 1153 scheint
3087 1086 3200 1153 der
3225 1085 3461 1151 Prator

579 1191 936 1257 besondere
973 1193 1298 1277 Vorsorge
1335 1191 1652 1277 getroffen
1688 1215 1769 1256 zu
1805 1190 2039 1269 haben,
2074 1190 2231 1277 Ulp.
2269 1193 2355 1257 60
2390 1190 2469 1254 fr.
2507 1191 2547 1256 8
2583 1190 2759 1274 quib.
2797 1212 2877 1255 ex
2913 1212 3088 1256 caus.
3128 1189 3256 1269 (42.
3292 1190 3389 1270 4):

925 1292 999 1360 Si
1036 1293 1145 1359 diu
1182 1294 1494 1360 incertum
1532 1294 1632 1372 sit,
1671 1293 1855 1359 heres
1885 1305 2214 1360 extaturus
2242 1316 2361 1359 nec
2396 1316 2477 1359 ne
2514 1294 2616 1370 sit,
2654 1315 2849 1358 causa
2884 1291 3143 1378 cognita
3178 1290 3458 1378 permitti

922 1397 1237 1482 oportebit
1273 1397 1445 1461 bona
1479 1398 1571 1461 rei
1598 1397 1954 1462 seruandae
1992 1418 2187 1461 causa
2222 1395 2568 1482 possidere,
2605 1407 2689 1473 et,
2727 1394 2781 1460 si
2808 1394 2899 1460 ita
2925 1417 3026 1461 res
3053 1407 3323 1481 urgueat
3354 1393 3460 1459 uel

925 1498 1213 1564 condicio
1242 1498 1580 1576 bonorum,
1610 1499 1803 1564 etiam
1829 1497 1952 1564 hoc
1979 1499 2097 1564 erit
2126 1498 2626 1574 concedendum,
2656 1510 2725 1564 ut
2748 1511 3003 1563 curator
3021 1497 3462 1563 constituatur.

580 1600 754 1666 Dass
791 1600 905 1665 wir
941 1624 1008 1666 es
1045 1601 1323 1667 niimlich
1359 1601 1517 1677 hier,
1554 1614 1717 1667 trotz
1755 1601 1870 1666 der
1897 1600 2071 1666 nicht
2099 1601 2337 1666 darauf
2356 1601 2720 1667 deutenden
2746 1599 3320 1666 Ausdrucksweise
3348 1600 3463 1664 der

582 1702 813 1779 Stelle,
858 1704 972 1768 mit
1019 1704 1229 1769 einem
1264 1702 1516 1784 Edict1)
1563 1728 1643 1770 zu
1683 1717 1798 1769 tun
1835 1704 2077 1782 haben,
2124 1704 2332 1790 ergibt
2367 1705 2684 1790 Pompon.
2731 1704 2807 1769 fr.
2847 1704 2929 1768 23
2975 1703 3014 1788 ἓ
3048 1704 3092 1769 4
3128 1702 3208 1769 de
3244 1701 3460 1767 hered.

578 1806 773 1871 instit.
813 1806 942 1884 (28.
982 1804 1076 1888 5):

923 1907 1011 1973 Et
1054 1908 1199 1974 ideo
1245 1909 1331 1974 ait
1378 1931 1655 1975 causae
1701 1909 2221 1997 cognitionem
2268 1909 2645 1975 adiectam
2693 1921 2952 1994 propter
2996 1930 3133 1986 eos,
3179 1908 3289 1993 qui
3327 1907 3464 1973 sine

923 2010 1225 2076 dilatione
1262 2033 1530 2097 peregre
1567 2024 1780 2077 essent
1816 2012 1921 2078 uel
1959 2012 2358 2099 aegritudine
2395 2013 2501 2078 uel
2549 2011 2913 2078 ualetudine
2956 2011 3048 2077 ita
3082 2009 3469 2097 impediren-

924 2126 1048 2189 tur,
1085 2125 1157 2178 ut
1191 2114 1257 2177 in
1294 2114 1394 2179 ius
1432 2113 1696 2200 produci
1734 2136 1866 2179 non
1901 2114 2166 2201 possint,
2205 2139 2324 2182 nec
2360 2127 2574 2181 tamen
2613 2114 3125 2181 defenderentur.

1400 2369 1431 2438 ἓ
1462 2369 1582 2423 209.
1618 2368 1737 2423 210.
1809 2372 1892 2423 SI
1920 2373 1963 2424 S
1975 2371 2129 2424 UUS
2163 2371 2417 2424 HERES
2451 2370 2647 2423 ERIT.

752 2521 910 2609 Ulp.
948 2524 1052 2589 60.
1091 2525 1196 2601 61,
1231 2523 1421 2590 Paul.
1460 2525 1566 2602 58,
1604 2523 1752 2590 Gai.
1792 2526 1898 2603 23,
1936 2525 2165 2591 Iulian.
2202 2527 2310 2591 47.

755 2625 885 2691 Die
923 2624 1184 2692 Clausel
1217 2625 1346 2691 Cui
1381 2626 1566 2693 heres
1601 2650 1731 2693 non
1769 2629 2011 2694 extabit
2048 2629 2287 2695 konnte
2325 2652 2408 2694 an
2443 2628 2578 2695 sich
2617 2629 2719 2706 da,
2756 2651 2856 2694 wo
2893 2628 3005 2694 der
3030 2628 3469 2696 Verstorbene

582 2727 769 2794 einen
805 2752 961 2794 suus
998 2728 1181 2794 heres
1218 2728 1599 2808 hinterliess‚
1635 2730 1825 2798 keine
1860 2732 2300 2818 Anwendung
2336 2731 2570 2797 finden.
2636 2731 2863 2797 Durch
2900 2729 3317 2818 Einfiihrung
3353 2730 3468 2796 des

580 2830 961 2896 beneficium
1017 2830 1380 2897 abstinendi
1436 2833 1654 2898 wurde
1707 2834 1799 2900 sie
1852 2835 1987 2900 und
2038 2834 2333 2921 zugleich
2395 2834 2561 2901 auch
2615 2835 2730 2900 das
2782 2833 2977 2900 Edict
3029 2833 3110 2900 de
3163 2834 3301 2900 iure
3355 2833 3471 2899 de-

578 2932 894 3000 liberandi
931 2934 1051 2999 auf
1080 2934 1300 3000 diesen
1335 2934 1475 3000 Fall
1513 2936 1936 3023 ausgedehnt.

757 3035 901 3102 Gai.
939 3037 1010 3102 11
1051 3036 1265 3118 1582):

927 3139 1086 3217 (suis
1132 3152 1192 3205 et
1237 3141 1611 3207 necessariis
1656 3132 2027 3226 heredibus)
2064 3157 2320 3229 praetor
2361 3144 2668 3230 permittit
2702 3144 3024 3210 abstinere
3059 3165 3127 3209 se
3165 3142 3248 3208 ab
3285 3141 3473 3208 here-

922 3242 1129 3320 ditate,
1167 3255 1238 3307 ut
1274 3243 1486 3328 potius
1525 3246 1864 3330 parentis³)
1902 3245 2072 3311 bona
2107 3252 2462 3331 ueneant4).

583 3342 736 3429 Vgl.
778 3341 924 3409 Gai.
964 3345 1049 3409 23
1085 3346 1163 3410 fr.
1200 3344 1284 3410 57
1324 3345 1403 3411 de
1441 3369 1497 3411 a.
1537 3371 1600 3413 u.
1639 3370 1698 3412 0.
1737 3347 1798 3412 h.
1838 3349 1968 3430 (29.
2007 3350 2098 3431 2).

751 3446 894 3512 Der
928 3447 1162 3513 Prator
1197 3450 1607 3515 unterschied
1640 3450 1778 3517 hier
1812 3450 1972 3515 zwei
2008 3451 2065 3515 F
2068 3452 2208 3516 alle.

1499 3706 1544 3758 1.
1619 3707 1702 3759 SI
1730 3706 2122 3760 PUPJLLUS
2160 3706 2413 3760 HERES
2447 3707 2642 3760 ERIT.

755 3853 911 3942 Ulp.
950 3858 1116 3940 60⁵),
1151 3859 1341 3925 Paul.
1379 3860 1549 3945 58⁶),
1589 3859 1738 3927 Gai.
1777 3862 1948 3945 23⁷),
1984 3861 2213 3926 Iulian.
2249 3863 2330 3926 47
2344 3866 2415 3943 ε’).

760 3956 908 4023 Gai.
946 3960 1030 4023 23
1067 3960 1144 4026 fr.
1191 3960 1273 4025 57
1312 3985 1407 4048 pr.
1446 3964 1527 4029 de
1564 3987 1621 4029 a.
1659 3987 1723 4029 u.
1760 3986 1819 4028 0.
1856 3964 1922 4029 h.
1961 3964 2090 4044 (29.
2130 3966 2226 4043 2);

930 4108 1172 4127 .....
1209 4063 1649 4150 impuberibus
1685 4066 1975 4151 quidem,
2015 4066 2262 4132 etiamsi
2300 4089 2368 4132 se
2404 4065 2863 4132 immiscuerint
2898 4063 3252 4141 hereditati,
3290 4062 3473 4151 (pro-

935 4165 1185 4247 consul)
1222 4180 1504 4252 praestat
1540 4169 1901 4235 abstinendi
1939 4170 2368 4251 facultatemff’)
2407 4218 2647 4233 .....

655 4356 708 4420 1)
730 4352 1082 4412 Commentar-
1100 4360 1244 4415 dazu
1265 4362 1495 4429 enthfflt,
1517 4379 1709 4417 ausser
1727 4363 1989 4433 Ulp.l.c.‚
2063 4405 2076 4418 .
2105 4406 2117 4418 .
2150 4405 2162 4418 .
2192 4404 2205 4417 .
2244 4381 2313 4419 ac
2345 4364 2392 4417 si
2426 4363 2475 4417 is
2506 4363 2668 4418 heres
2699 4361 2984 4416 institutus
3014 4377 3126 4416 non
3160 4364 3348 4417 esset“
3385 4368 3473 4429 (es

585 4432 729 4486 noch
753 4432 911 4489 Paul.
939 4436 1007 4489 57
1031 4435 1097 4490 fr.
1120 4439 1153 4491 9
1178 4439 1325 4508 quib.
1355 4456 1422 4493 ex
1446 4456 1592 4494 caus.
1615 4440 1716 4507 (42.
1738 4441 1810 4508 4),
1835 4440 1901 4494 fr.
1924 4441 1992 4495 70
2060 4441 2200 4512 liegt
2213 4441 2480 4495 hieraber
2490 4439 2644 4495 nicht
2654 4439 3465 4507 derFallunseresEdictsvor).

583 4509 615 4577 ξ
637 4511 668 4563 1
690 4510 760 4564 de
778 4527 828 4564 a.
851 4528 904 4566 ιι.
927 4528 974 4568 0.
998 4513 1049 4569 h.
1071 4516 1172 4581 (29.
1195 4518 1266 4583 2),
1288 4515 1355 4570 fr.
1377 4518 1408 4570 1
1430 4517 1501 4571 de
1521 4533 1631 4571 cur.
1652 4517 1779 4572 bon.
1801 4518 1990 4586 (42.7),
2129 4521 2182 4585 5)
2208 4518 2299 4571 Fr.
2328 4519 2359 4572 7
2385 4519 2456 4572 de
2479 4518 2600 4571 iure
2630 4517 2799 4572 delib.
2825 4518 2928 4585 (28.
2956 4517 3028 4584 8).

581 4587 851 4658 Pompon.
878 4588 941 4645 fr.
967 4591 1037 4644 23
1061 4592 1091 4662 §
1116 4593 1256 4646 2-4
1280 4593 1350 4648 de
1374 4593 1563 4648 hered.
1590 4594 1761 4648 instit.
1788 4595 1891 4659 (28.
1918 4597 1989 4663 5).
2127 4597 2180 4661 6)
2204 4595 2298 4648 Fr.
2333 4596 2366 4649 6
2400 4596 2469 4649 de
2504 4595 2623 4649 reb.
2658 4600 2804 4649 auct.
2838 4593 2954 4648 iud.
2988 4593 3092 4659 (42.
3119 4594 3191 4662 5),
3226 4592 3292 4650 fr.
3326 4595 3361 4647 9
3394 4595 3469 4650 de

653 4666 706 4732 2)
734 4665 862 4736 Vgl.
902 4684 948 4721 c.
984 4686 1073 4723 un.
1102 4667 1164 4722 C.
1192 4668 1428 4741 Gregor.
1457 4671 1648 4726 arbitr.
1675 4677 1778 4726 tut.
1807 4675 1875 4739 (6.
1904 4674 1989 4740 18)
2057 4674 2177 4727 iure
2196 4673 2365 4727 delib.
2389 4673 2580 4741 (28.8),
2599 4670 2665 4728 fr.
2686 4672 2752 4725 77
2773 4671 2843 4726 de
2862 4671 3009 4727 v.0.
3030 4670 3218 4738 (45.1)‚
3238 4671 3471 4726 letztere
3502 4700 3509 4707 ·

581 4767 648 4787 =
676 4759 722 4796 c.
751 4744 786 4795 4
812 4742 872 4797 C.
898 4743 1036 4799 lust.
1065 4747 1186 4801 eod.
1216 4749 1284 4812 (5.
1312 4750 1417 4815 51).
2061 4749 2272 4805 Stellen
2296 4749 2439 4805 auch
2464 4751 2566 4804 auf
2593 4750 2702 4804 den
2726 4749 2851 4803 Fan
2884 4748 2934 4802 si
2966 4749 3143 4818 pubes
3175 4750 3337 4803 heres
3363 4748 3471 4803 erit

650 4820 704 4889 3)
731 4818 856 4875 Gai.
883 4822 953 4875 23
977 4821 1044 4876 fr.
1071 4825 1140 4878 51
1166 4824 1236 4880 de
1262 4825 1331 4880 V.
1361 4824 1416 4880 S.
1443 4828 1545 4893 (50.
1571 4828 1674 4895 16).
2061 4827 2375 4899 beziiglich.
2447 4827 2531 4882 Zu
2564 4826 2631 4881 fr.
2660 4827 2725 4880 77
2759 4826 2852 4881 cit.
2888 4827 2998 4898 vgl.
3036 4824 3102 4880 fr.
3126 4826 3162 4881 5
3196 4827 3227 4897 ἓ
3252 4829 3303 4896 1,
3336 4824 3405 4880 fr.
3436 4827 3467 4880 7

645 4898 700 4961 4)
734 4896 856 4952 Das
887 4898 1055 4954 Edict
1095 4917 1210 4955 war
1250 4902 1394 4956 wohl
1435 4904 1705 4959 ficticisch
1746 4903 1989 4976 gefasst:
2061 4907 2092 4976 ξ
2115 4906 2150 4959 3
2174 4906 2244 4960 de
2268 4905 2388 4960 iure
2414 4905 2584 4960 delib.
2612 4905 2717 4971 (28.
2744 4904 2815 4971 8).

575 4973 811 5044 perinde
845 4991 913 5030 ac
946 4977 994 5030 si
1027 4978 1075 5031 is
1108 4978 1269 5034 heres
1304 4998 1415 5035 non
1439 4987 1599 5037 esset.
1675 4981 1803 5053 Vgl.
1831 4981 1899 5036 fr.
1921 4983 1990 5036 99
2129 4984 2181 5049 7)
2214 4982 2303 5036 Fr.
2340 4984 2405 5037 57
2443 4983 2512 5037 de
2553 4999 2602 5037 a.
2638 4999 2692 5037 ιι.
2726 4997 2776 5038 ο.
2808 4981 2864 5035 h.
2908 4982 3010 5048 (29.
3045 4982 3119 5049 2),
3161 4980 3266 5036 auf
3300 4980 3473 5036 beide

581 5051 651 5104 de
677 5067 726 5105 a.
753 5068 807 5105 u.
836 5068 886 5107 o.
914 5053 969 5107 h.
994 5056 1097 5121 (29.
1123 5056 1195 5124 2),
1230 5073 1314 5112 wo
1347 5059 1668 5131 notwendig
1701 5060 1823 5113 eine
1849 5059 1989 5114 ficti-
2060 5060 2220 5113 Falle
2243 5060 2557 5131 beziiglich.

581 5127 769 5182 cische
805 5129 1024 5186 Formel
1070 5135 1386 5189 unterstellt
1425 5136 1648 5191 werden
1690 5154 1855 5191 muss.
1932 5136 1988 5191 S.
2130 5140 2183 5205 8)
2210 5136 2297 5193 Fr.
2322 5137 2394 5192 44
2417 5138 2487 5192 de
2511 5155 2562 5191 a.
2587 5154 2640 5192 ιι.
2666 5154 2714 5192 o.
2741 5136 2795 5191 h.
2821 5137 2924 5204 (29.
2950 5138 3018 5205 2).

577 5203 725 5258 auch
750 5204 816 5262 fr.
837 5208 873 5261 4
893 5208 963 5263 de
991 5210 1106 5264 reb.
1139 5217 1282 5267 auct.
1304 5212 1418 5267 iud.
1441 5215 1542 5280 (42.
1564 5217 1616 5283 5)
1635 5232 1684 5271 v.
1712 5213 1991 5285 „perinde
2132 5216 2185 5283 9)
2208 5214 2339 5287 Vgl.
2366 5215 2632 5286 Pompon.
2658 5214 2724 5272 fr.
2751 5216 2817 5268 11
2845 5214 2965 5269 eod.
