3736 5919
550 433 639 499 36
1351 434 1501 494 Das
1544 433 2034 513 Edictsystem
2078 434 2169 493 im
2213 431 2639 493 Einzelnen.

546 603 809 691 publico
853 602 917 688 (ἓ
952 602 1111 685 239)
1157 600 1383 667 mitten
1427 611 1614 667 unter
1658 599 1762 666 die
1797 599 2030 665 Edicte
2075 597 2155 665 de
2199 597 2536 665 itineribus
2578 597 2853 685 publicis
2898 597 3032 676 ein,
3076 597 3211 662 und
3255 620 3324 664 es
3360 599 3448 663 ist

551 705 793 795 gerade
829 704 967 771 hier
1001 704 1152 771 kein
1183 702 1433 782 Grund,
1471 702 1585 768 der
1609 702 2228 788 Digestenordnung
2262 726 2345 767 zu
2382 702 2781 767 misstrauen.
2836 700 2977 766 Das
3003 700 3449 788 Einteilungs-

551 809 801 897 princip
853 807 1013 873 wird
1074 808 1208 872 also
1270 806 1439 871 wohl
1499 806 1665 872 sein:
1730 805 2129 872 offentliches
2182 804 2403 870 Land
2456 805 2520 889 (ᾗ
2571 804 2975 889 237-240),
3041 804 3444 871 6ffentliches

551 913 866 979 Wasser
901 910 963 995 (ᾗ
999 909 1387 988 241-244).
1478 909 1601 973 Als
1638 907 1826 975 dritte
1862 907 1997 973 und
2041 908 2232 973 letzte
2267 907 2622 993 Kategorie
2665 918 2854 973 unter
2889 907 3013 973 den
3046 906 3445 972 Interdictcn

552 1015 634 1082 de
696 1013 967 1100 singulis
1028 1013 1220 1078 rebus
1280 1012 1498 1077 finden
1551 1011 1668 1076 wir
1719 1011 2082 1098 diejenigen
2135 1011 2217 1077 de
2268 1011 2460 1077 rebus
2514 1010 2811 1097 priuatis,
2865 1010 3000 1076 und
3051 1033 3224 1075 zwar
3273 1010 3444 1076 nach

549 1116 920 1205 folgendem
959 1114 1216 1202 System
1253 1114 1592 1202 geordnet:

636 1222 693 1286 1.
740 1220 848 1287 De
883 1219 1076 1285 rebus
1113 1218 1249 1283 soli.

720 1324 810 1389 A.
855 1321 964 1389 ΒΘ
998 1320 1295 1408 praediis.

813 1427 871 1491 1.
917 1421 1422 1510 Recuperandae
1458 1421 1875 1508 possessionis
1889 1423 1937 1501 ι)
1973 1420 2037 1506 (ᾗ
2070 1419 2228 1486 245.
2275 1418 2470 1485 Unde
2504 1420 2571 1485 ui
2610 1419 2797 1485 nebst
2830 1420 3246 1507 Anhiingen).

812 1530 873 1595 2.
919 1525 1399 1613 Adipiscendae
1445 1525 1924 1611 possessionis2)
1961 1528 2021 1607 (ᾗ
2058 1524 2214 1589 246:
2269 1523 2372 1589 Ne
2404 1523 2506 1589 uis
2539 1523 2653 1587 fiat
2687 1522 2767 1600 ei,
2811 1521 2923 1608 qui
2958 1522 3175 1589 damni
3220 1522 3447 1589 infecti

919 1630 987 1694 in
1022 1627 1491 1716 possessionem
1526 1626 1759 1693 missus
1796 1626 1960 1706 erit).

808 1732 871 1797 3.
918 1730 1320 1797 Retinendae
1356 1730 1776 1816 possessionis
1815 1730 1878 1815 (ξ
1913 1730 2069 1794 247:
2124 1727 2241 1794 Uti
2276 1727 2615 1815 possidetis
2650 1727 2840 1793 nebst
2874 1727 3290 1815 Anhangen).

808 1834 873 1899 4.
917 1834 1132 1898 Mixta
1184 1845 1314 1898 tam
1378 1832 1828 1919 adipiscendae
1890 1854 2086 1917 quam
2139 1831 2593 1918 reciperandae
2644 1830 3121 1918 possessionis³)
3176 1831 3240 1915 (ᾗ
3282 1831 3444 1896 248:

915 1935 1130 2019 Quem
1165 1936 1440 2001 fundum
1476 1936 1607 2000 und
1645 1958 1838 2020 quem
1873 1935 2395 2020 usumfructum).

723 2039 804 2104 Β.
849 2037 956 2105 ΒΘ
993 2037 1450 2124 superficiebus
1487 2038 1551 2123 (ξ
1586 2039 1759 2118 249).

727 2139 806 2206 C.
851 2139 959 2206 De
994 2141 1240 2207 iuribus
1275 2140 1702 2228 praediorum.

811 2246 871 2310 1.
919 2243 1351 2310 Rusticorum.

894 2370 953 2412 a.
999 2345 1106 2412 De
1143 2346 1478 2411 itineribus
1514 2345 1586 2431 (ξ
1621 2343 1800 2429 250).

897 2450 961 2514 b.
1008 2448 1116 2514 De
1152 2470 1321 2533 aqua

982 2575 1045 2616 α.
1094 2551 1388 2617 ducenda
1424 2550 1487 2635 (ᾗ
1524 2549 1672 2614 251.
1711 2547 1888 2634 252).

978 2659 1042 2736 β.
1088 2653 1444 2719 haurienda
1478 2653 1541 2737 (ᾗ
1577 2651 1750 2732 253).

809 2757 870 2821 2.
916 2754 1335 2821 Urbanorum
1371 2755 1435 2840 (ἓ
1470 2754 1626 2819 254:
1665 2754 1746 2819 de
1783 2754 2061 2833 cloacis).

806 2858 870 2923 3.
915 2856 1083 2922 Tam
1118 2858 1500 2924 rusticorum
1538 2879 1734 2941 quam
1768 2857 2161 2923 urbanorum
2196 2854 2448 2938 (hicher
2483 2866 2656 2922 setze
2691 2854 2795 2921 ich
2823 2858 3444 2944 vermutungsweisc

912 2961 1029 3026 das
1064 2961 1374 3026 Interdict
1410 2958 1630 3043 Quam
1666 2961 2061 3039 seruitutem,
2099 2959 2138 3045 ἓ
2175 2957 2348 3040 255).

719 3063 808 3129 Ι).
854 3062 963 3130 ΒΘ
999 3064 1301 3150 operibus
1337 3063 1404 3128 in
1440 3064 1576 3129 solo
1612 3063 1819 3128 factis.

813 3167 871 3231 1.
919 3165 1119 3249 Quod
1155 3166 1222 3231 ui
1258 3178 1370 3231 aut
1407 3166 1572 3231 clam
1609 3166 1672 3251 (ἓ
1708 3165 1883 3248 256).

810 3269 872 3334 2.
922 3267 995 3335 Si
1032 3291 1193 3355 opus
1228 3292 1473 3334 nouum
1507 3270 1871 3335 nuntiatum
1908 3269 2026 3334 crit
2060 3268 2124 3353 (ξ
2159 3266 2332 3348 257).

805 3372 866 3437 3.
912 3370 1022 3438 ΒΘ
1056 3371 1343 3457 precario
1381 3372 1444 3456 (ᾗ
1479 3371 1653 3451 258).
1733 3371 1896 3437 Dies
1935 3369 2277 3457 eigcntlich
2313 3369 2491 3435 nicht
2527 3368 2746 3434 hieher
2781 3367 3088 3454 geborige
3123 3368 3438 3436 Interdict

917 3474 1000 3540 ist
1045 3497 1193 3540 vom
1237 3474 1644 3541 interdictum
1683 3473 1881 3557 Quod
1925 3474 1993 3539 ui
2037 3485 2148 3539 aut
2184 3474 2347 3538 clam
2386 3470 2701 3538 attrahirt:
2759 3494 2824 3537 es
2862 3470 3177 3537 verdankt
3213 3472 3440 3539 seinen

914 3576 1103 3642 Platz
1149 3576 1263 3643 der
1300 3576 1750 3657 Gewohnheit,
1796 3576 1901 3643 die
1936 3576 2071 3642 drei
2111 3576 2335 3643 Worte
2379 3575 2446 3639 ui
2491 3575 2655 3640 clam
2698 3573 2985 3661 precario
3031 3597 3442 3642 zusammen-

915 3679 1279 3759 zuhoren4).

719 3779 803 3846 E.
839 3779 948 3848 ΒΘ
985 3782 1321 3848 arboribus
1358 3793 1421 3850 et
1455 3782 1770 3849 fructibus
1808 3782 2109 3848 arborum
2146 3781 2209 3867 (ᾗ
2245 3780 2390 3847 259.
2428 3780 2602 3858 260).

626 3883 721 3950 Π.
767 3883 875 3949 ΒΘ
910 3885 1104 3950 rebus
1140 3885 1505 3951 mobilibus.

717 3988 806 4052 A.
851 3985 960 4053 ΒΘ
996 3987 1362 4053 hominibus
1396 3987 1614 4054 liberis
1650 3988 1713 4072 (ᾧ
1749 3987 2137 4067 261-263).

722 4088 805 4152 Β.
850 4084 1195 4153 De'scruis
1232 4101 1292 4154 et
1332 4089 1556 4154 ceteris
1591 4089 1803 4155 rebus.

807 4190 864 4254 1.
914 4187 1235 4257 Generale
1272 4191 1353 4256 de
1388 4190 1787 4277 possessione
1825 4191 1889 4276 (ξ
1924 4190 2080 4257 264:
2123 4188 2411 4269 Utrubi).

806 4291 867 4356 2.
916 4290 1264 4378 Specialia:

887 4418 946 4459 a.
993 4395 1074 4461 de
1109 4395 1486 4481 pignoribus
1522 4395 1586 4481 (ᾗ
1621 4394 2016 4481 265-267).

885 4496 951 4563 b.
997 4497 1078 4563 de
1113 4498 1308 4564 rebus
1342 4498 1410 4564 in
1445 4496 1742 4566 fraudem
1778 4499 2166 4565 creditorum
2201 4496 2552 4576 alienatis⁵)
2587 4497 2651 4582 (ὃ
2684 4496 2858 4575 268).

609 4690 663 4757 1)
677 4689 932 4745 Anderes
950 4691 1522 4765 Einteilungsprincip
1539 4694 1634 4750 bei
1652 4694 1950 4765 Rudorff,
2020 4693 2274 4766 partibus
2307 4692 2374 4761 ('?)
2409 4707 2686 4763 agrorum,
2728 4691 2864 4745 item
2906 4690 2976 4745 de
3011 4687 3225 4743 iuribus
3265 4705 3434 4760 prae-

534 4765 606 4820 E.
625 4765 695 4820 P.
719 4784 777 4837 p.
803 4767 924 4837 278,
948 4769 1238 4825 beruhend
1262 4770 1366 4826 auf
1383 4770 1625 4828 falscher
1647 4772 1953 4845 Placirung
2023 4771 2239 4826 diorum
2265 4775 2324 4825 et
2346 4768 2513 4823 rebus
2535 4767 2878 4824 mobilibus“
2904 4764 3170 4821 aufstellt.

545 4843 647 4898 des
672 4843 970 4900 Interdicts
997 4846 1174 4911 Quem
1200 4847 1450 4902 fundum.
2090 4849 2143 4915 5)
2168 4845 2433 4902 Rudorf
2439 4846 2486 4916 f,
2522 4846 2607 4913 (E.
2628 4845 2694 4899 P.
2716 4863 2772 4916 p.
2793 4844 2916 4912 280)
2950 4848 3093 4898 setzt
3126 4843 3228 4897 das
3260 4842 3434 4897 inter·

604 4920 661 4990 2)
693 4920 823 4993 Vgl.
852 4922 919 4977 fr.
947 4925 1017 4980 52
1040 4926 1072 4995 ἕ
1095 4926 1130 4980 2
1155 4926 1225 4981 de
1250 4943 1301 4981 a.
1328 4943 1383 4980 u.
1410 4942 1462 4981 a.
1487 4944 1544 4997 p.
1571 4925 1674 4993 (41.
1700 4927 1775 4995 2.)
2023 4925 2233 4981 dictum
2265 4924 2670 4979 fraudatorium
2701 4928 2866 4978 unter
2897 4921 2990 4976 die
3014 4920 3323 4992 Kategorie
3358 4922 3433 4976 de

605 4999 661 5067 3)
688 4996 776 5053 Cf.
803 5000 932 5072 Ulp.
958 5001 1026 5056 fr.
1055 5003 1296 5060 Vindob.
1323 5004 1354 5075 ξ
1379 5003 1430 5059 4.
2020 5002 2301 5074 praetorio
2325 5002 2578 5075 pignore.
2650 5001 2772 5056 Der
2797 4997 3262 5069 Gesichtspunkt,
3298 4998 3434 5052 dass

600 5075 657 5144 4)
692 5077 931 5147 Auden,
971 5080 1246 5136 durchaus
1274 5081 1592 5149 unhaltbar‚
1628 5080 1894 5135 Rudorf
1900 5081 1930 5134 f
1935 5123 1951 5152 ‚
2022 5081 2123 5135 das
2182 5080 2541 5135 interdictum
2599 5076 3005 5133 fraudatorium
3063 5076 3155 5131 cin
3212 5073 3429 5129 Psand·

533 5151 605 5206 E.
629 5152 698 5207 P.
733 5172 790 5225 p.
825 5155 929 5210 279
962 5158 1091 5229 (ng.
1127 5160 1159 5229 ἕ
1190 5159 1330 5228 261),
1374 5159 1476 5213 der
1506 5176 1600 5213 um
1636 5158 1818 5213 dieses
1856 5159 1948 5212 In-
2018 5157 2383 5212 rechtsmittel
2463 5156 2572 5227 sei,
2651 5156 2726 5210 ist
2803 5155 2941 5211 aber
3009 5153 3118 5208 den
3189 5150 3433 5217 Quellen

534 5229 774 5287 terdicta
799 5232 985 5289 willen
1019 5235 1141 5290 cine
1166 5235 1472 5292 besondere
1497 5235 1805 5308 Kategorie
1831 5236 1949 5307 „de
2020 5234 2218 5290 fremd.
