<?xml version="1.0" encoding="UTF-8"?>
<!DOCTYPE html PUBLIC "-//W3C//DTD XHTML 1.0 Transitional//EN"
    "http://www.w3.org/TR/xhtml1/DTD/xhtml1-transitional.dtd">
<html xmlns="http://www.w3.org/1999/xhtml" xml:lang="en" lang="en">
 <head>
  <title>
</title>
<meta http-equiv="Content-Type" content="text/html;charset=utf-8" />
  <meta name='ocr-system' content='tesseract 3.04.00' />
  <meta name='ocr-capabilities' content='ocr_page ocr_carea ocr_par ocr_line ocrx_word'/>
</head>
<body>
  <div class='ocr_page' id='page_1' title='image "./dasedictumperpe00savigoog_0391.png"; bbox 0 0 3736 5919; ppageno 0'>
   <div class='ocr_carea' id='block_1_1' title="bbox 1208 412 3239 490">
    <p class='ocr_par' dir='ltr' id='par_1_1' title="bbox 1208 412 3239 490">
     <span class='ocr_line' id='line_1_1' title="bbox 1208 412 3239 490; baseline 0.003 -16"><span class='ocrx_word' id='word_1_1' title='bbox 1208 414 1347 475; x_wconf 82' lang='lat' dir='ltr'><strong>Tit.</strong></span> <span class='ocrx_word' id='word_1_2' title='bbox 1382 414 1620 474; x_wconf 89' lang='lat' dir='ltr'><strong>XLIII.</strong></span> <span class='ocrx_word' id='word_1_3' title='bbox 1710 412 1745 490; x_wconf 65' lang='grc' dir='ltr'>ξ</span> <span class='ocrx_word' id='word_1_4' title='bbox 1784 416 1927 473; x_wconf 96' lang='grc'><strong>233.</strong></span> <span class='ocrx_word' id='word_1_5' title='bbox 1967 415 2107 475; x_wconf 82' lang='grc'><strong>234.</strong></span> <span class='ocrx_word' id='word_1_6' title='bbox 2148 417 2291 475; x_wconf 84' lang='grc'><strong>235.</strong></span> <span class='ocrx_word' id='word_1_7' title='bbox 3063 414 3198 480; x_wconf 84' lang='lat'><strong>365</strong></span> <span class='ocrx_word' id='word_1_8' title='bbox 3235 449 3239 454; x_wconf 84' lang='lat'><em>-</em></span> 
     </span>
    </p>
   </div>
   <div class='ocr_carea' id='block_1_2' title="bbox 316 579 3194 1076">
    <p class='ocr_par' dir='ltr' id='par_1_2' title="bbox 316 579 3194 668">
     <span class='ocr_line' id='line_1_2' title="bbox 316 579 3194 668; baseline 0.001 -22"><span class='ocrx_word' id='word_1_9' title='bbox 316 579 467 647; x_wconf 86' lang='lat' dir='ltr'><strong>Auf</strong></span> <span class='ocrx_word' id='word_1_10' title='bbox 503 580 618 646; x_wconf 87' lang='lat' dir='ltr'><strong>das</strong></span> <span class='ocrx_word' id='word_1_11' title='bbox 663 579 1357 667; x_wconf 81' lang='lat' dir='ltr'><strong>Sponsionsverfahren</strong></span> <span class='ocrx_word' id='word_1_12' title='bbox 1401 580 1536 645; x_wconf 90' lang='lat' dir='ltr'><strong>und</strong></span> <span class='ocrx_word' id='word_1_13' title='bbox 1579 579 1681 647; x_wconf 91' lang='lat' dir='ltr'><strong>die</strong></span> <span class='ocrx_word' id='word_1_14' title='bbox 1726 579 2155 647; x_wconf 82' lang='lat' dir='ltr'><strong>secutorisohe</strong></span> <span class='ocrx_word' id='word_1_15' title='bbox 2199 581 2478 668; x_wconf 86' lang='lat' dir='ltr'><strong>Klage¹)</strong></span> <span class='ocrx_word' id='word_1_16' title='bbox 2521 581 2775 648; x_wconf 90' lang='lat' dir='ltr'><strong>bezieht</strong></span> <span class='ocrx_word' id='word_1_17' title='bbox 2818 582 2955 648; x_wconf 88' lang='lat' dir='ltr'><strong>sioh</strong></span> <span class='ocrx_word' id='word_1_18' title='bbox 2998 582 3194 649; x_wconf 83' lang='lat' dir='ltr'><strong>Paul.</strong></span> 
     </span>
    </p>

    <p class='ocr_par' dir='ltr' id='par_1_3' title="bbox 316 682 3194 1076">
     <span class='ocr_line' id='line_1_3' title="bbox 316 682 3194 874; baseline 0.002 -25"><span class='ocrx_word' id='word_1_19' title='bbox 316 695 478 751; x_wconf 49' lang='lat' dir='ltr'><strong>sent·</strong></span> <span class='ocrx_word' id='word_1_20' title='bbox 513 682 616 750; x_wconf 79' lang='lat' dir='ltr'><strong>IV</strong></span> <span class='ocrx_word' id='word_1_21' title='bbox 654 682 889 850; x_wconf 44' lang='lat' dir='ltr'><strong>{edulio</strong></span> <span class='ocrx_word' id='word_1_22' title='bbox 928 796 1235 870; x_wconf 88' lang='lat' dir='ltr'><strong>perpetuo</strong></span> <span class='ocrx_word' id='word_1_23' title='bbox 1273 796 1556 862; x_wconf 83' lang='lat' dir='ltr'><strong>cauetur,</strong></span> <span class='ocrx_word' id='word_1_24' title='bbox 1600 795 1692 861; x_wconf 89' lang='lat' dir='ltr'><strong>ut,</strong></span> <span class='ocrx_word' id='word_1_25' title='bbox 1736 784 1789 849; x_wconf 88' lang='lat' dir='ltr'><strong>si</strong></span> <span class='ocrx_word' id='word_1_26' title='bbox 1824 784 2081 851; x_wconf 89' lang='lat' dir='ltr'><strong>tabulae</strong></span> <span class='ocrx_word' id='word_1_27' title='bbox 2117 785 2474 852; x_wconf 79' lang='lat' dir='ltr'><strong>testamenti</strong></span> <span class='ocrx_word' id='word_1_28' title='bbox 2518 807 2647 851; x_wconf 97' lang='lat' dir='ltr'><strong>non</strong></span> <span class='ocrx_word' id='word_1_29' title='bbox 2691 802 3060 874; x_wconf 80' lang='lat' dir='ltr'>appareant,</span> <span class='ocrx_word' id='word_1_30' title='bbox 3105 790 3194 856; x_wconf 86' lang='lat' dir='ltr'><strong>de</strong></span> 
     </span>
     <span class='ocr_line' id='line_1_4' title="bbox 659 886 3188 976; baseline 0.002 -23"><span class='ocrx_word' id='word_1_31' title='bbox 659 909 880 953; x_wconf 85' lang='lat' dir='ltr'><strong>earum</strong></span> <span class='ocrx_word' id='word_1_32' title='bbox 917 886 1304 954; x_wconf 80' lang='lat' dir='ltr'><strong>exhibitione</strong></span> <span class='ocrx_word' id='word_1_33' title='bbox 1348 886 1686 953; x_wconf 79' lang='lat' dir='ltr'><strong>interdicto</strong></span> <span class='ocrx_word' id='word_1_34' title='bbox 1729 887 1979 953; x_wconf 88' lang='lat' dir='ltr'><strong>reddito</strong></span> <span class='ocrx_word' id='word_1_35' title='bbox 2023 887 2189 952; x_wconf 89' lang='lat' dir='ltr'><strong>intra</strong></span> <span class='ocrx_word' id='word_1_36' title='bbox 2232 910 2471 953; x_wconf 89' lang='lat' dir='ltr'><strong>annum</strong></span> <span class='ocrx_word' id='word_1_37' title='bbox 2515 888 2621 975; x_wconf 86' lang='lat' dir='ltr'><strong>agi</strong></span> <span class='ocrx_word' id='word_1_38' title='bbox 2665 892 2883 975; x_wconf 88' lang='lat' dir='ltr'><strong>possit,</strong></span> <span class='ocrx_word' id='word_1_39' title='bbox 2929 913 3058 976; x_wconf 93' lang='lat' dir='ltr'><strong>quo</strong></span> <span class='ocrx_word' id='word_1_40' title='bbox 3102 892 3188 957; x_wconf 87' lang='lat' dir='ltr'><strong>ad</strong></span> 
     </span>
     <span class='ocr_line' id='line_1_5' title="bbox 666 988 2072 1076; baseline -0.001 -21"><span class='ocrx_word' id='word_1_41' title='bbox 666 989 1097 1055; x_wconf 90' lang='lat' dir='ltr'><strong>exhibendum</strong></span> <span class='ocrx_word' id='word_1_42' title='bbox 1133 989 1535 1076; x_wconf 77' lang='lat' dir='ltr'><strong>compellitur</strong></span> <span class='ocrx_word' id='word_1_43' title='bbox 1569 988 1680 1075; x_wconf 92' lang='lat' dir='ltr'><strong>qui</strong></span> <span class='ocrx_word' id='word_1_44' title='bbox 1716 989 2072 1076; x_wconf 77' lang='lat' dir='ltr'><strong>supprimit.</strong></span> 
     </span>
    </p>
   </div>
   <div class='ocr_carea' id='block_1_3' title="bbox 488 1250 2462 1458">
    <p class='ocr_par' dir='ltr' id='par_1_4' title="bbox 488 1250 2462 1458">
     <span class='ocr_line' id='line_1_6' title="bbox 1032 1250 2462 1321; baseline 0.001 -16"><span class='ocrx_word' id='word_1_45' title='bbox 1032 1250 1063 1321; x_wconf 65' lang='grc' dir='ltr'><strong>ς</strong></span> <span class='ocrx_word' id='word_1_46' title='bbox 1094 1251 1212 1306; x_wconf 82' lang='lat'><strong>233.</strong></span> <span class='ocrx_word' id='word_1_47' title='bbox 1284 1252 1840 1307; x_wconf 73' lang='lat' dir='ltr'><em>INTERDIOE&#39;UM</em></span> <span class='ocrx_word' id='word_1_48' title='bbox 1865 1253 2462 1307; x_wconf 76' lang='lat' dir='ltr'><strong>PossEssonM.</strong></span> 
     </span>
     <span class='ocr_line' id='line_1_7' title="bbox 488 1388 963 1458; baseline -0.006 -1"><span class='ocrx_word' id='word_1_49' title='bbox 488 1388 635 1457; x_wconf 76' lang='lat' dir='ltr'><strong>Gai.</strong></span> <span class='ocrx_word' id='word_1_50' title='bbox 672 1390 774 1458; x_wconf 92' lang='lat' dir='ltr'><strong>IV</strong></span> <span class='ocrx_word' id='word_1_51' title='bbox 812 1389 963 1455; x_wconf 86' lang='lat'>145:</span> 
     </span>
    </p>
   </div>
   <div class='ocr_carea' id='block_1_4' title="bbox 652 1492 3194 1682">
    <p class='ocr_par' dir='ltr' id='par_1_5' title="bbox 652 1492 3194 1682">
     <span class='ocr_line' id='line_1_8' title="bbox 653 1492 3194 1579; baseline 0.002 -22"><span class='ocrx_word' id='word_1_52' title='bbox 653 1494 983 1558; x_wconf 84' lang='lat' dir='ltr'>Bonorum</span> <span class='ocrx_word' id='word_1_53' title='bbox 1036 1514 1291 1577; x_wconf 91' lang='lat' dir='ltr'><strong>quoque</strong></span> <span class='ocrx_word' id='word_1_54' title='bbox 1345 1492 1614 1579; x_wconf 88' lang='lat' dir='ltr'><strong>emptori</strong></span> <span class='ocrx_word' id='word_1_55' title='bbox 1659 1493 1946 1559; x_wconf 89' lang='lat' dir='ltr'><strong>similiter</strong></span> <span class='ocrx_word' id='word_1_56' title='bbox 1988 1494 2359 1579; x_wconf 81' lang='lat' dir='ltr'><strong>proponitur</strong></span> <span class='ocrx_word' id='word_1_57' title='bbox 2410 1493 2814 1560; x_wconf 84' lang='lat' dir='ltr'><strong>interdictum</strong></span> <span class='ocrx_word' id='word_1_58' title='bbox 2867 1496 3026 1576; x_wconf 86' lang='lat' dir='ltr'><strong>(soil.</strong></span> <span class='ocrx_word' id='word_1_59' title='bbox 3072 1497 3194 1562; x_wconf 86' lang='lat' dir='ltr'><strong>ad·</strong></span> 
     </span>
     <span class='ocr_line' id='line_1_9' title="bbox 652 1595 2813 1682; baseline 0.001 -22"><span class='ocrx_word' id='word_1_60' title='bbox 652 1595 1020 1682; x_wconf 86' lang='lat' dir='ltr'><strong>ipisoendae</strong></span> <span class='ocrx_word' id='word_1_61' title='bbox 1056 1596 1520 1681; x_wconf 76' lang='lat' dir='ltr'><strong>possessionis),</strong></span> <span class='ocrx_word' id='word_1_62' title='bbox 1557 1595 1732 1681; x_wconf 90' lang='lat' dir='ltr'><strong>quod</strong></span> <span class='ocrx_word' id='word_1_63' title='bbox 1765 1596 2029 1680; x_wconf 88' lang='lat' dir='ltr'><strong>quidam</strong></span> <span class='ocrx_word' id='word_1_64' title='bbox 2064 1597 2524 1681; x_wconf 89' lang='lat' dir='ltr'><strong>possessorium</strong></span> <span class='ocrx_word' id='word_1_65' title='bbox 2561 1610 2813 1663; x_wconf 84' lang='lat' dir='ltr'><strong>uocant.</strong></span> 
     </span>
    </p>
   </div>
   <div class='ocr_carea' id='block_1_5' title="bbox 1090 1857 2391 1929">
    <p class='ocr_par' dir='ltr' id='par_1_6' title="bbox 1090 1857 2391 1929">
     <span class='ocr_line' id='line_1_10' title="bbox 1090 1857 2391 1929; baseline 0 -18"><span class='ocrx_word' id='word_1_66' title='bbox 1090 1858 1121 1929; x_wconf 81' lang='lat'><strong>§</strong></span> <span class='ocrx_word' id='word_1_67' title='bbox 1152 1857 1274 1912; x_wconf 82' lang='lat'><strong>234.</strong></span> <span class='ocrx_word' id='word_1_68' title='bbox 1345 1858 1902 1912; x_wconf 82' lang='lat' dir='ltr'><em>INTERDICTUM</em></span> <span class='ocrx_word' id='word_1_69' title='bbox 1932 1860 2391 1914; x_wconf 77' lang='lat' dir='ltr'><em>SECTORIUM.</em></span> 
     </span>
    </p>
   </div>
   <div class='ocr_carea' id='block_1_6' title="bbox 485 1995 964 2065">
    <p class='ocr_par' dir='ltr' id='par_1_7' title="bbox 485 1995 964 2065">
     <span class='ocr_line' id='line_1_11' title="bbox 485 1995 964 2065; baseline -0.004 -2"><span class='ocrx_word' id='word_1_70' title='bbox 485 1995 636 2063; x_wconf 83' lang='lat' dir='ltr'><strong>Gai.</strong></span> <span class='ocrx_word' id='word_1_71' title='bbox 672 1997 774 2065; x_wconf 92' lang='lat' dir='ltr'><strong>IV</strong></span> <span class='ocrx_word' id='word_1_72' title='bbox 812 1996 964 2061; x_wconf 83' lang='lat'>146:</span> 
     </span>
    </p>
   </div>
   <div class='ocr_carea' id='block_1_7' title="bbox 651 2098 3182 2288">
    <p class='ocr_par' dir='ltr' id='par_1_8' title="bbox 651 2098 3182 2288">
     <span class='ocr_line' id='line_1_12' title="bbox 651 2098 3182 2187; baseline 0.002 -22"><span class='ocrx_word' id='word_1_73' title='bbox 651 2100 816 2166; x_wconf 90' lang='lat' dir='ltr'><strong>Item</strong></span> <span class='ocrx_word' id='word_1_74' title='bbox 845 2099 904 2165; x_wconf 94' lang='lat' dir='ltr'><strong>ei</strong></span> <span class='ocrx_word' id='word_1_75' title='bbox 928 2099 1040 2183; x_wconf 91' lang='lat' dir='ltr'><strong>qui</strong></span> <span class='ocrx_word' id='word_1_76' title='bbox 1066 2098 1325 2184; x_wconf 84' lang='lat' dir='ltr'><strong>publiea</strong></span> <span class='ocrx_word' id='word_1_77' title='bbox 1351 2099 1521 2164; x_wconf 90' lang='lat' dir='ltr'><strong>bona</strong></span> <span class='ocrx_word' id='word_1_78' title='bbox 1547 2099 1790 2177; x_wconf 87' lang='lat' dir='ltr'><strong>emerit,</strong></span> <span class='ocrx_word' id='word_1_79' title='bbox 1820 2099 2103 2165; x_wconf 89' lang='lat' dir='ltr'><strong>eiusdem</strong></span> <span class='ocrx_word' id='word_1_80' title='bbox 2133 2099 2520 2166; x_wconf 81' lang='lat' dir='ltr'><strong>condicionis</strong></span> <span class='ocrx_word' id='word_1_81' title='bbox 2547 2101 2614 2181; x_wconf 92' lang='lat' dir='ltr'><strong>(i.</strong></span> <span class='ocrx_word' id='word_1_82' title='bbox 2644 2124 2699 2167; x_wconf 98' lang='lat' dir='ltr'><strong>e.</strong></span> <span class='ocrx_word' id='word_1_83' title='bbox 2729 2101 3182 2187; x_wconf 83' lang='lat' dir='ltr'><strong>adipiscendae</strong></span> 
     </span>
     <span class='ocr_line' id='line_1_13' title="bbox 652 2200 3182 2288; baseline 0.001 -22"><span class='ocrx_word' id='word_1_84' title='bbox 652 2201 1093 2288; x_wconf 87' lang='lat' dir='ltr'><strong>possessionis)</strong></span> <span class='ocrx_word' id='word_1_85' title='bbox 1128 2200 1535 2267; x_wconf 83' lang='lat' dir='ltr'><strong>interdictum</strong></span> <span class='ocrx_word' id='word_1_86' title='bbox 1570 2201 1965 2288; x_wconf 89' lang='lat' dir='ltr'><strong>proponitur,</strong></span> <span class='ocrx_word' id='word_1_87' title='bbox 2011 2201 2186 2286; x_wconf 89' lang='lat' dir='ltr'><strong>quod</strong></span> <span class='ocrx_word' id='word_1_88' title='bbox 2227 2203 2584 2288; x_wconf 87' lang='lat' dir='ltr'><strong>appellatur</strong></span> <span class='ocrx_word' id='word_1_89' title='bbox 2617 2205 2954 2270; x_wconf 83' lang='lat' dir='ltr'><strong>sectorium</strong></span> <span class='ocrx_word' id='word_1_90' title='bbox 2992 2254 3009 2269; x_wconf 94' lang='lat'><strong>.</strong></span> <span class='ocrx_word' id='word_1_91' title='bbox 3049 2252 3065 2269; x_wconf 93' lang='lat'><strong>.</strong></span> <span class='ocrx_word' id='word_1_92' title='bbox 3104 2254 3119 2270; x_wconf 93' lang='lat'><strong>.</strong></span> <span class='ocrx_word' id='word_1_93' title='bbox 3159 2252 3182 2269; x_wconf 86' lang='lat'><strong>.</strong></span> 
     </span>
    </p>
   </div>
   <div class='ocr_carea' id='block_1_8' title="bbox 445 2461 3033 2634">
    <p class='ocr_par' dir='ltr' id='par_1_9' title="bbox 445 2461 3033 2634">
     <span class='ocr_line' id='line_1_14' title="bbox 445 2461 3033 2535; baseline 0.001 -17"><span class='ocrx_word' id='word_1_94' title='bbox 445 2464 477 2535; x_wconf 64' lang='grc' dir='ltr'><strong>ἓ</strong></span> <span class='ocrx_word' id='word_1_95' title='bbox 508 2464 626 2520; x_wconf 84' lang='grc'><strong>235.</strong></span> <span class='ocrx_word' id='word_1_96' title='bbox 699 2464 802 2522; x_wconf 83' lang='grc' dir='ltr'><strong>ΝΕ</strong></span> <span class='ocrx_word' id='word_1_97' title='bbox 838 2464 1031 2530; x_wconf 82' lang='lat' dir='ltr'><strong>QUID</strong></span> <span class='ocrx_word' id='word_1_98' title='bbox 1066 2464 1151 2519; x_wconf 89' lang='lat' dir='ltr'><strong>IN</strong></span> <span class='ocrx_word' id='word_1_99' title='bbox 1186 2461 1386 2519; x_wconf 83' lang='lat' dir='ltr'>LOCO</span> <span class='ocrx_word' id='word_1_100' title='bbox 1425 2461 1723 2532; x_wconf 76' lang='lat' dir='ltr'><strong>SA0R02)</strong></span> <span class='ocrx_word' id='word_1_101' title='bbox 1758 2464 2175 2518; x_wconf 83' lang='lat' dir='ltr'><strong><em>RELIGIOSO</em></strong></span> <span class='ocrx_word' id='word_1_102' title='bbox 2209 2465 2508 2519; x_wconf 75' lang='lat' dir='ltr'><strong><em>SANC&#39;I&#39;O</em></strong></span> <span class='ocrx_word' id='word_1_103' title='bbox 2543 2463 2746 2519; x_wconf 85' lang='lat' dir='ltr'><strong>FIAT.</strong></span> <span class='ocrx_word' id='word_1_104' title='bbox 2820 2466 3033 2528; x_wconf 77' lang='lat' dir='ltr'><em>QUOD</em></span> 
     </span>
     <span class='ocr_line' id='line_1_15' title="bbox 1111 2566 2383 2634; baseline 0 -14"><span class='ocrx_word' id='word_1_105' title='bbox 1111 2567 1431 2620; x_wconf 76' lang='lat' dir='ltr'><em>FACTUM</em></span> <span class='ocrx_word' id='word_1_106' title='bbox 1456 2567 1653 2634; x_wconf 85' lang='lat' dir='ltr'><em>ERIT,</em></span> <span class='ocrx_word' id='word_1_107' title='bbox 1701 2567 1802 2620; x_wconf 90' lang='lat' dir='ltr'><strong>UT</strong></span> <span class='ocrx_word' id='word_1_108' title='bbox 1829 2566 2383 2622; x_wconf 80' lang='lat' dir='ltr'><em>RESTITUATUR.</em></span> 
     </span>
    </p>
   </div>
   <div class='ocr_carea' id='block_1_9' title="bbox 475 2704 3174 3306">
    <p class='ocr_par' dir='ltr' id='par_1_10' title="bbox 475 2704 3174 3306">
     <span class='ocr_line' id='line_1_16' title="bbox 475 2704 836 2792; baseline 0.006 -22"><span class='ocrx_word' id='word_1_109' title='bbox 475 2704 632 2792; x_wconf 88' lang='lat' dir='ltr'><strong>Ulp.</strong></span> <span class='ocrx_word' id='word_1_110' title='bbox 670 2707 836 2787; x_wconf 77' lang='lat'><strong>68³).</strong></span> 
     </span>
     <span class='ocr_line' id='line_1_17' title="bbox 476 2806 1295 2894; baseline -0.001 -22"><span class='ocrx_word' id='word_1_111' title='bbox 476 2806 632 2894; x_wconf 86' lang='lat' dir='ltr'><strong>Ulp.</strong></span> <span class='ocrx_word' id='word_1_112' title='bbox 671 2809 754 2874; x_wconf 87' lang='grc'><strong>68</strong></span> <span class='ocrx_word' id='word_1_113' title='bbox 790 2808 869 2872; x_wconf 86' lang='lat' dir='ltr'><strong>fr.</strong></span> <span class='ocrx_word' id='word_1_114' title='bbox 910 2809 945 2872; x_wconf 92' lang='lat'>1</span> <span class='ocrx_word' id='word_1_115' title='bbox 984 2831 1078 2894; x_wconf 88' lang='lat' dir='ltr'><strong>pr.</strong></span> <span class='ocrx_word' id='word_1_116' title='bbox 1116 2806 1178 2871; x_wconf 92' lang='lat' dir='ltr'><strong>h.</strong></span> <span class='ocrx_word' id='word_1_117' title='bbox 1220 2818 1295 2871; x_wconf 84' lang='lat' dir='ltr'><strong>t.:</strong></span> 
     </span>
     <span class='ocr_line' id='line_1_18' title="bbox 645 2909 3123 2998; baseline 0 -21"><span class='ocrx_word' id='word_1_118' title='bbox 645 2911 765 2977; x_wconf 82' lang='lat' dir='ltr'><strong>Ait</strong></span> <span class='ocrx_word' id='word_1_119' title='bbox 799 2922 1080 2997; x_wconf 84' lang='lat' dir='ltr'><strong>praetor:</strong></span> <span class='ocrx_word' id='word_1_120' title='bbox 1118 2909 1195 2976; x_wconf 71' lang='lat' dir='ltr'><strong>In</strong></span> <span class='ocrx_word' id='word_1_121' title='bbox 1228 2931 1389 2976; x_wconf 76' lang='lat' dir='ltr'><strong>Loco</strong></span> <span class='ocrx_word' id='word_1_122' title='bbox 1425 2912 1680 2990; x_wconf 70' lang='lat' dir='ltr'>SACR04)</span> <span class='ocrx_word' id='word_1_123' title='bbox 1716 2930 1954 2974; x_wconf 70' lang='lat' dir='ltr'><strong>mem</strong></span> <span class='ocrx_word' id='word_1_124' title='bbox 1989 2932 2133 2975; x_wconf 74' lang='lat' dir='ltr'><strong>mun</strong></span> <span class='ocrx_word' id='word_1_125' title='bbox 2168 2933 2293 2976; x_wconf 74' lang='lat' dir='ltr'><strong>nun</strong></span> <span class='ocrx_word' id='word_1_126' title='bbox 2325 2933 2657 2976; x_wconf 64' lang='lat' dir='ltr'><strong>mmmmm:</strong></span> <span class='ocrx_word' id='word_1_127' title='bbox 2693 2933 2840 2984; x_wconf 76' lang='lat' dir='ltr'><strong>omn</strong></span> <span class='ocrx_word' id='word_1_128' title='bbox 2875 2912 3123 2998; x_wconf 67' lang='lat' dir='ltr'><strong>una-0⁵).</strong></span> 
     </span>
     <span class='ocr_line' id='line_1_19' title="bbox 476 3012 2246 3101; baseline -0.002 -22"><span class='ocrx_word' id='word_1_129' title='bbox 476 3013 634 3101; x_wconf 90' lang='lat' dir='ltr'><strong>Ulp.</strong></span> <span class='ocrx_word' id='word_1_130' title='bbox 673 3013 757 3079; x_wconf 88' lang='lat'><strong>68</strong></span> <span class='ocrx_word' id='word_1_131' title='bbox 793 3012 871 3077; x_wconf 89' lang='lat' dir='ltr'><strong>fr.</strong></span> <span class='ocrx_word' id='word_1_132' title='bbox 909 3013 951 3077; x_wconf 90' lang='grc'><strong>2</strong></span> <span class='ocrx_word' id='word_1_133' title='bbox 985 3012 1025 3097; x_wconf 61' lang='grc' dir='ltr'>ἓ</span> <span class='ocrx_word' id='word_1_134' title='bbox 1061 3012 1143 3077; x_wconf 90' lang='grc'><strong>19</strong></span> <span class='ocrx_word' id='word_1_135' title='bbox 1177 3035 1259 3078; x_wconf 94' lang='lat' dir='ltr'><strong>ne</strong></span> <span class='ocrx_word' id='word_1_136' title='bbox 1296 3012 1452 3097; x_wconf 91' lang='lat' dir='ltr'><strong>quid</strong></span> <span class='ocrx_word' id='word_1_137' title='bbox 1487 3013 1552 3077; x_wconf 89' lang='lat' dir='ltr'><strong>in</strong></span> <span class='ocrx_word' id='word_1_138' title='bbox 1588 3013 1730 3078; x_wconf 86' lang='lat' dir='ltr'><strong>loeo</strong></span> <span class='ocrx_word' id='word_1_139' title='bbox 1765 3013 1943 3098; x_wconf 91' lang='lat' dir='ltr'><strong>publ.</strong></span> <span class='ocrx_word' id='word_1_140' title='bbox 1983 3012 2112 3093; x_wconf 88' lang='lat'><strong>(43.</strong></span> <span class='ocrx_word' id='word_1_141' title='bbox 2151 3012 2246 3092; x_wconf 83' lang='lat'><strong>8):</strong></span> 
     </span>
     <span class='ocr_line' id='line_1_20' title="bbox 650 3114 3174 3194; baseline 0 -14"><span class='ocrx_word' id='word_1_142' title='bbox 650 3163 666 3180; x_wconf 93' lang='lat'><strong>.</strong></span> <span class='ocrx_word' id='word_1_143' title='bbox 706 3163 723 3180; x_wconf 95' lang='lat'><strong>.</strong></span> <span class='ocrx_word' id='word_1_144' title='bbox 763 3163 779 3179; x_wconf 99' lang='lat'><strong>.</strong></span> <span class='ocrx_word' id='word_1_145' title='bbox 818 3162 834 3179; x_wconf 93' lang='lat'><strong>.</strong></span> <span class='ocrx_word' id='word_1_146' title='bbox 870 3114 939 3180; x_wconf 92' lang='lat' dir='ltr'><strong>in</strong></span> <span class='ocrx_word' id='word_1_147' title='bbox 972 3114 1114 3180; x_wconf 88' lang='lat' dir='ltr'><strong>looo</strong></span> <span class='ocrx_word' id='word_1_148' title='bbox 1152 3162 1169 3179; x_wconf 96' lang='lat'><strong>.</strong></span> <span class='ocrx_word' id='word_1_149' title='bbox 1207 3160 1226 3178; x_wconf 95' lang='lat'><strong>.</strong></span> <span class='ocrx_word' id='word_1_150' title='bbox 1263 3161 1279 3178; x_wconf 93' lang='lat'><strong>.</strong></span> <span class='ocrx_word' id='word_1_151' title='bbox 1318 3161 1335 3178; x_wconf 94' lang='lat'><strong>.</strong></span> <span class='ocrx_word' id='word_1_152' title='bbox 1373 3136 1552 3180; x_wconf 88' lang='lat' dir='ltr'><strong>saero</strong></span> <span class='ocrx_word' id='word_1_153' title='bbox 1586 3139 1716 3181; x_wconf 91' lang='lat' dir='ltr'><strong>non</strong></span> <span class='ocrx_word' id='word_1_154' title='bbox 1754 3117 1961 3182; x_wconf 90' lang='lat' dir='ltr'><strong>solum</strong></span> <span class='ocrx_word' id='word_1_155' title='bbox 2005 3115 2215 3181; x_wconf 86' lang='lat' dir='ltr'><strong>faeere</strong></span> <span class='ocrx_word' id='word_1_156' title='bbox 2261 3126 2573 3194; x_wconf 89' lang='lat' dir='ltr'><strong>uetamur,</strong></span> <span class='ocrx_word' id='word_1_157' title='bbox 2620 3114 2734 3182; x_wconf 91' lang='lat' dir='ltr'><strong>sed</strong></span> <span class='ocrx_word' id='word_1_158' title='bbox 2778 3127 2842 3182; x_wconf 91' lang='lat' dir='ltr'><strong>et</strong></span> <span class='ocrx_word' id='word_1_159' title='bbox 2885 3115 3174 3182; x_wconf 79' lang='lat' dir='ltr'><strong>factum</strong></span> 
     </span>
     <span class='ocr_line' id='line_1_21' title="bbox 645 3215 2294 3306; baseline -0.001 -22"><span class='ocrx_word' id='word_1_160' title='bbox 645 3217 1056 3284; x_wconf 89' lang='lat' dir='ltr'><strong>restituere</strong></span> <span class='ocrx_word' id='word_1_161' title='bbox 1092 3215 1413 3283; x_wconf 85' lang='lat' dir='ltr'><strong>iubemur:</strong></span> <span class='ocrx_word' id='word_1_162' title='bbox 1450 3216 1573 3283; x_wconf 88' lang='lat' dir='ltr'><strong>hoo</strong></span> <span class='ocrx_word' id='word_1_163' title='bbox 1608 3230 1867 3305; x_wconf 88' lang='lat' dir='ltr'><strong>propter</strong></span> <span class='ocrx_word' id='word_1_164' title='bbox 1903 3217 2294 3306; x_wconf 83' lang='lat' dir='ltr'><strong>religionem.</strong></span> 
     </span>
    </p>
   </div>
   <div class='ocr_carea' id='block_1_10' title="bbox 472 3319 1788 3405">
    <p class='ocr_par' dir='ltr' id='par_1_11' title="bbox 472 3319 1788 3405">
     <span class='ocr_line' id='line_1_22' title="bbox 472 3319 1788 3405; baseline -0.002 -18"><span class='ocrx_word' id='word_1_165' title='bbox 472 3321 661 3387; x_wconf 87' lang='lat' dir='ltr'><strong>Paul.</strong></span> <span class='ocrx_word' id='word_1_166' title='bbox 700 3321 783 3386; x_wconf 86' lang='lat'><strong>63</strong></span> <span class='ocrx_word' id='word_1_167' title='bbox 819 3319 897 3385; x_wconf 89' lang='lat' dir='ltr'><strong>fr.</strong></span> <span class='ocrx_word' id='word_1_168' title='bbox 936 3320 978 3384; x_wconf 90' lang='grc'><strong>2</strong></span> <span class='ocrx_word' id='word_1_169' title='bbox 1012 3319 1051 3405; x_wconf 63' lang='grc' dir='ltr'>ἓ</span> <span class='ocrx_word' id='word_1_170' title='bbox 1089 3320 1124 3383; x_wconf 97' lang='grc'>1</span> <span class='ocrx_word' id='word_1_171' title='bbox 1164 3319 1244 3385; x_wconf 91' lang='lat' dir='ltr'><strong>de</strong></span> <span class='ocrx_word' id='word_1_172' title='bbox 1281 3320 1506 3385; x_wconf 87' lang='lat' dir='ltr'><strong>interd.</strong></span> <span class='ocrx_word' id='word_1_173' title='bbox 1546 3321 1655 3401; x_wconf 86' lang='lat'><strong>(43</strong></span> <span class='ocrx_word' id='word_1_174' title='bbox 1696 3321 1788 3404; x_wconf 86' lang='lat'><strong>1):</strong></span> 
     </span>
    </p>
   </div>
   <div class='ocr_carea' id='block_1_11' title="bbox 301 3523 3172 4323">
    <p class='ocr_par' dir='ltr' id='par_1_12' title="bbox 647 3523 3172 3703">
     <span class='ocr_line' id='line_1_23' title="bbox 647 3523 3172 3610; baseline -0 -21"><span class='ocrx_word' id='word_1_175' title='bbox 647 3524 727 3591; x_wconf 92' lang='lat' dir='ltr'><strong>de</strong></span> <span class='ocrx_word' id='word_1_176' title='bbox 762 3524 1092 3610; x_wconf 85' lang='lat' dir='ltr'><strong>religione,</strong></span> <span class='ocrx_word' id='word_1_177' title='bbox 1129 3524 1294 3590; x_wconf 87' lang='lat' dir='ltr'><strong>sieut</strong></span> <span class='ocrx_word' id='word_1_178' title='bbox 1329 3537 1426 3591; x_wconf 93' lang='lat' dir='ltr'><strong>est</strong></span> <span class='ocrx_word' id='word_1_179' title='bbox 1461 3547 1595 3603; x_wconf 91' lang='lat' dir='ltr'><strong>„ne</strong></span> <span class='ocrx_word' id='word_1_180' title='bbox 1631 3524 1788 3609; x_wconf 90' lang='lat' dir='ltr'><strong>quid</strong></span> <span class='ocrx_word' id='word_1_181' title='bbox 1821 3524 1887 3589; x_wconf 88' lang='lat' dir='ltr'><strong>in</strong></span> <span class='ocrx_word' id='word_1_182' title='bbox 1923 3525 2064 3589; x_wconf 86' lang='lat' dir='ltr'><strong>loeo</strong></span> <span class='ocrx_word' id='word_1_183' title='bbox 2100 3545 2280 3590; x_wconf 88' lang='lat' dir='ltr'><strong>saoro</strong></span> <span class='ocrx_word' id='word_1_184' title='bbox 2315 3524 2478 3589; x_wconf 88' lang='lat' dir='ltr'><strong>fiat“</strong></span> <span class='ocrx_word' id='word_1_185' title='bbox 2522 3523 2624 3590; x_wconf 90' lang='lat' dir='ltr'><strong>vel</strong></span> <span class='ocrx_word' id='word_1_186' title='bbox 2669 3523 2893 3608; x_wconf 92' lang='lat' dir='ltr'><strong>„quod</strong></span> <span class='ocrx_word' id='word_1_187' title='bbox 2927 3523 3172 3589; x_wconf 84' lang='lat' dir='ltr'><strong>factum</strong></span> 
     </span>
     <span class='ocr_line' id='line_1_24' title="bbox 650 3626 1351 3703; baseline 0 -11"><span class='ocrx_word' id='word_1_188' title='bbox 650 3637 790 3703; x_wconf 91' lang='lat' dir='ltr'><strong>est,</strong></span> <span class='ocrx_word' id='word_1_189' title='bbox 827 3626 1351 3692; x_wconf 89' lang='lat' dir='ltr'><strong>restituatur“.</strong></span> 
     </span>
    </p>

    <p class='ocr_par' dir='ltr' id='par_1_13' title="bbox 476 3727 3172 4101">
     <span class='ocr_line' id='line_1_25' title="bbox 476 3727 1882 3814; baseline 0 -21"><span class='ocrx_word' id='word_1_190' title='bbox 476 3727 631 3814; x_wconf 92' lang='lat' dir='ltr'><strong>Ulp.</strong></span> <span class='ocrx_word' id='word_1_191' title='bbox 669 3728 756 3792; x_wconf 80' lang='lat'><strong>52</strong></span> <span class='ocrx_word' id='word_1_192' title='bbox 790 3727 869 3793; x_wconf 90' lang='lat' dir='ltr'><strong>fr.</strong></span> <span class='ocrx_word' id='word_1_193' title='bbox 910 3729 945 3792; x_wconf 91' lang='lat'>1</span> <span class='ocrx_word' id='word_1_194' title='bbox 984 3727 1024 3812; x_wconf 61' lang='grc' dir='ltr'>ἓ</span> <span class='ocrx_word' id='word_1_195' title='bbox 1061 3729 1096 3792; x_wconf 97' lang='grc'>1</span> <span class='ocrx_word' id='word_1_196' title='bbox 1137 3728 1215 3794; x_wconf 91' lang='lat' dir='ltr'><strong>de</strong></span> <span class='ocrx_word' id='word_1_197' title='bbox 1252 3727 1338 3793; x_wconf 89' lang='lat' dir='ltr'><strong>O.</strong></span> <span class='ocrx_word' id='word_1_198' title='bbox 1377 3728 1459 3792; x_wconf 89' lang='grc' dir='ltr'><strong>Ν.</strong></span> <span class='ocrx_word' id='word_1_199' title='bbox 1498 3728 1581 3792; x_wconf 89' lang='grc' dir='ltr'><strong>Ν.</strong></span> <span class='ocrx_word' id='word_1_200' title='bbox 1620 3728 1750 3809; x_wconf 87' lang='grc'><strong>(39.</strong></span> <span class='ocrx_word' id='word_1_201' title='bbox 1791 3729 1882 3809; x_wconf 80' lang='lat'><strong>1):</strong></span> 
     </span>
     <span class='ocr_line' id='line_1_26' title="bbox 649 3828 3172 3917; baseline -0 -23"><span class='ocrx_word' id='word_1_202' title='bbox 649 3878 665 3894; x_wconf 99' lang='lat'><strong>.</strong></span> <span class='ocrx_word' id='word_1_203' title='bbox 705 3879 721 3895; x_wconf 99' lang='lat'><strong>.</strong></span> <span class='ocrx_word' id='word_1_204' title='bbox 761 3877 778 3894; x_wconf 95' lang='lat'><strong>.</strong></span> <span class='ocrx_word' id='word_1_205' title='bbox 816 3877 833 3894; x_wconf 96' lang='lat'><strong>.</strong></span> <span class='ocrx_word' id='word_1_206' title='bbox 870 3828 924 3895; x_wconf 90' lang='lat' dir='ltr'><strong>si</strong></span> <span class='ocrx_word' id='word_1_207' title='bbox 970 3830 1125 3915; x_wconf 90' lang='lat' dir='ltr'><strong>quid</strong></span> <span class='ocrx_word' id='word_1_208' title='bbox 1168 3831 1378 3917; x_wconf 90' lang='lat' dir='ltr'><strong>operis</strong></span> <span class='ocrx_word' id='word_1_209' title='bbox 1422 3830 1615 3896; x_wconf 88' lang='lat' dir='ltr'><strong>fuerit</strong></span> <span class='ocrx_word' id='word_1_210' title='bbox 1657 3831 1921 3907; x_wconf 82' lang='lat' dir='ltr'><strong>factum,</strong></span> <span class='ocrx_word' id='word_1_211' title='bbox 1974 3831 2147 3915; x_wconf 92' lang='lat' dir='ltr'><strong>quod</strong></span> <span class='ocrx_word' id='word_1_212' title='bbox 2190 3830 2327 3896; x_wconf 88' lang='lat' dir='ltr'><strong>fieri</strong></span> <span class='ocrx_word' id='word_1_213' title='bbox 2371 3852 2499 3896; x_wconf 94' lang='lat' dir='ltr'><strong>non</strong></span> <span class='ocrx_word' id='word_1_214' title='bbox 2553 3829 2773 3895; x_wconf 92' lang='lat' dir='ltr'><strong>debuit</strong></span> <span class='ocrx_word' id='word_1_215' title='bbox 2775 3876 3015 3905; x_wconf 92' lang='lat'><strong>.....</strong></span> <span class='ocrx_word' id='word_1_216' title='bbox 3054 3828 3172 3894; x_wconf 88' lang='lat' dir='ltr'><strong>erit</strong></span> 
     </span>
     <span class='ocr_line' id='line_1_27' title="bbox 645 3931 3170 4018; baseline -0.002 -20"><span class='ocrx_word' id='word_1_217' title='bbox 645 3932 1103 3998; x_wconf 89' lang='lat' dir='ltr'><strong>transeundum</strong></span> <span class='ocrx_word' id='word_1_218' title='bbox 1139 3931 1223 3998; x_wconf 91' lang='lat' dir='ltr'><strong>ad</strong></span> <span class='ocrx_word' id='word_1_219' title='bbox 1255 3932 1662 3999; x_wconf 83' lang='lat' dir='ltr'><strong>interdictum</strong></span> <span class='ocrx_word' id='word_1_220' title='bbox 1698 3933 1927 4018; x_wconf 90' lang='lat' dir='ltr'><strong>„quod</strong></span> <span class='ocrx_word' id='word_1_221' title='bbox 1961 3933 2027 3997; x_wconf 92' lang='lat' dir='ltr'><strong>in</strong></span> <span class='ocrx_word' id='word_1_222' title='bbox 2061 3933 2201 3998; x_wconf 87' lang='lat' dir='ltr'><strong>loeo</strong></span> <span class='ocrx_word' id='word_1_223' title='bbox 2229 3953 2410 3997; x_wconf 83' lang='lat' dir='ltr'><strong>sacro</strong></span> <span class='ocrx_word' id='word_1_224' title='bbox 2444 3931 2584 3998; x_wconf 90' lang='lat' dir='ltr'><strong>reli</strong></span> <span class='ocrx_word' id='word_1_225' title='bbox 2595 3932 2982 4018; x_wconf 66' lang='lat' dir='ltr'><strong>giosouess)</strong></span> <span class='ocrx_word' id='word_1_226' title='bbox 3011 3979 3027 3995; x_wconf 99' lang='lat'><strong>.</strong></span> <span class='ocrx_word' id='word_1_227' title='bbox 3058 3978 3075 3995; x_wconf 96' lang='lat'><strong>.</strong></span> <span class='ocrx_word' id='word_1_228' title='bbox 3105 3978 3121 3994; x_wconf 99' lang='lat'><strong>.</strong></span> <span class='ocrx_word' id='word_1_229' title='bbox 3152 3979 3170 3994; x_wconf 91' lang='lat'><strong>.</strong></span> 
     </span>
     <span class='ocr_line' id='line_1_28' title="bbox 645 4034 1113 4101; baseline -0.004 0"><span class='ocrx_word' id='word_1_230' title='bbox 645 4035 888 4101; x_wconf 81' lang='lat' dir='ltr'><strong>factum</strong></span> <span class='ocrx_word' id='word_1_231' title='bbox 925 4034 1113 4101; x_wconf 89' lang='lat' dir='ltr'><strong>erit“.</strong></span> 
     </span>
    </p>

    <p class='ocr_par' dir='ltr' id='par_1_14' title="bbox 301 4136 3170 4323">
     <span class='ocr_line' id='line_1_29' title="bbox 301 4136 1814 4224; baseline 0.001 -23"><span class='ocrx_word' id='word_1_232' title='bbox 301 4136 443 4203; x_wconf 89' lang='lat' dir='ltr'><strong>Der</strong></span> <span class='ocrx_word' id='word_1_233' title='bbox 478 4137 1001 4203; x_wconf 88' lang='lat' dir='ltr'><strong>Zusammenhalt</strong></span> <span class='ocrx_word' id='word_1_234' title='bbox 1037 4136 1261 4224; x_wconf 89' lang='lat' dir='ltr'><strong>obiger</strong></span> <span class='ocrx_word' id='word_1_235' title='bbox 1298 4137 1541 4203; x_wconf 88' lang='lat' dir='ltr'><strong>Stellen</strong></span> <span class='ocrx_word' id='word_1_236' title='bbox 1578 4138 1814 4224; x_wconf 85' lang='lat' dir='ltr'><strong>ergibt:</strong></span> 
     </span>
     <span class='ocr_line' id='line_1_30' title="bbox 476 4236 3170 4323; baseline -0.001 -19"><span class='ocrx_word' id='word_1_237' title='bbox 476 4241 530 4306; x_wconf 90' lang='lat'><strong>1.</strong></span> <span class='ocrx_word' id='word_1_238' title='bbox 582 4240 729 4306; x_wconf 82' lang='lat' dir='ltr'><strong>Wir</strong></span> <span class='ocrx_word' id='word_1_239' title='bbox 761 4240 973 4306; x_wconf 92' lang='lat' dir='ltr'><strong>haben</strong></span> <span class='ocrx_word' id='word_1_240' title='bbox 1010 4263 1078 4306; x_wconf 90' lang='lat' dir='ltr'><strong>es</strong></span> <span class='ocrx_word' id='word_1_241' title='bbox 1123 4238 1262 4305; x_wconf 90' lang='lat' dir='ltr'><strong>hier</strong></span> <span class='ocrx_word' id='word_1_242' title='bbox 1294 4240 1410 4305; x_wconf 91' lang='lat' dir='ltr'><strong>mit</strong></span> <span class='ocrx_word' id='word_1_243' title='bbox 1445 4239 1604 4304; x_wconf 84' lang='lat' dir='ltr'><strong>zwei</strong></span> <span class='ocrx_word' id='word_1_244' title='bbox 1640 4238 2028 4306; x_wconf 87' lang='lat' dir='ltr'><strong>Interdieten</strong></span> <span class='ocrx_word' id='word_1_245' title='bbox 2064 4262 2146 4304; x_wconf 89' lang='lat' dir='ltr'><strong>zu</strong></span> <span class='ocrx_word' id='word_1_246' title='bbox 2183 4250 2318 4315; x_wconf 87' lang='lat' dir='ltr'><strong>tun,</strong></span> <span class='ocrx_word' id='word_1_247' title='bbox 2357 4237 2562 4304; x_wconf 90' lang='lat' dir='ltr'><strong>einem</strong></span> <span class='ocrx_word' id='word_1_248' title='bbox 2599 4236 3170 4323; x_wconf 86' lang='lat' dir='ltr'><strong>prohibitorisohen</strong></span> 
     </span>
    </p>
   </div>
   <div class='ocr_carea' id='block_1_12' title="bbox 302 4339 3174 4530">
    <p class='ocr_par' dir='ltr' id='par_1_15' title="bbox 302 4339 3174 4530">
     <span class='ocr_line' id='line_1_31' title="bbox 302 4339 3174 4428; baseline -0.001 -21"><span class='ocrx_word' id='word_1_249' title='bbox 302 4378 386 4388; x_wconf 91' lang='lat'>—</span> <span class='ocrx_word' id='word_1_250' title='bbox 422 4342 498 4407; x_wconf 87' lang='lat' dir='ltr'><strong>fr.</strong></span> <span class='ocrx_word' id='word_1_251' title='bbox 543 4343 575 4406; x_wconf 93' lang='lat'>1</span> <span class='ocrx_word' id='word_1_252' title='bbox 614 4365 708 4428; x_wconf 94' lang='lat' dir='ltr'><strong>pr.</strong></span> <span class='ocrx_word' id='word_1_253' title='bbox 755 4342 819 4406; x_wconf 92' lang='lat' dir='ltr'><strong>h.</strong></span> <span class='ocrx_word' id='word_1_254' title='bbox 857 4354 902 4406; x_wconf 88' lang='lat' dir='ltr'><strong>t.</strong></span> <span class='ocrx_word' id='word_1_255' title='bbox 939 4379 1025 4389; x_wconf 96' lang='lat'><strong>—</strong></span> <span class='ocrx_word' id='word_1_256' title='bbox 1060 4342 1194 4406; x_wconf 90' lang='lat' dir='ltr'><strong>und</strong></span> <span class='ocrx_word' id='word_1_257' title='bbox 1237 4342 1445 4407; x_wconf 90' lang='lat' dir='ltr'><strong>einem</strong></span> <span class='ocrx_word' id='word_1_258' title='bbox 1489 4340 2033 4408; x_wconf 85' lang='lat' dir='ltr'><strong>restitutorisohen</strong></span> <span class='ocrx_word' id='word_1_259' title='bbox 2071 4379 2152 4390; x_wconf 90' lang='lat'><em>-</em></span> <span class='ocrx_word' id='word_1_260' title='bbox 2189 4341 2268 4407; x_wconf 89' lang='lat' dir='ltr'><strong>fr.</strong></span> <span class='ocrx_word' id='word_1_261' title='bbox 2305 4343 2347 4406; x_wconf 90' lang='grc'><strong>2</strong></span> <span class='ocrx_word' id='word_1_262' title='bbox 2390 4341 2429 4427; x_wconf 63' lang='grc' dir='ltr'>ἓ</span> <span class='ocrx_word' id='word_1_263' title='bbox 2470 4341 2550 4405; x_wconf 90' lang='grc'><strong>19</strong></span> <span class='ocrx_word' id='word_1_264' title='bbox 2593 4363 2676 4406; x_wconf 96' lang='lat' dir='ltr'><strong>ne</strong></span> <span class='ocrx_word' id='word_1_265' title='bbox 2720 4340 2878 4425; x_wconf 90' lang='lat' dir='ltr'><strong>quid</strong></span> <span class='ocrx_word' id='word_1_266' title='bbox 2918 4339 2985 4404; x_wconf 92' lang='lat' dir='ltr'><strong>in</strong></span> <span class='ocrx_word' id='word_1_267' title='bbox 3028 4339 3174 4405; x_wconf 86' lang='lat' dir='ltr'><strong>loeo</strong></span> 
     </span>
     <span class='ocr_line' id='line_1_32' title="bbox 303 4443 1792 4530; baseline -0.001 -21"><span class='ocrx_word' id='word_1_268' title='bbox 303 4443 481 4529; x_wconf 90' lang='lat' dir='ltr'><strong>publ.</strong></span> <span class='ocrx_word' id='word_1_269' title='bbox 519 4444 649 4523; x_wconf 85' lang='lat'><strong>(43.</strong></span> <span class='ocrx_word' id='word_1_270' title='bbox 688 4444 776 4527; x_wconf 88' lang='grc'><strong>8),</strong></span> <span class='ocrx_word' id='word_1_271' title='bbox 812 4444 890 4509; x_wconf 89' lang='lat' dir='ltr'><strong>fr.</strong></span> <span class='ocrx_word' id='word_1_272' title='bbox 928 4445 971 4509; x_wconf 84' lang='lat'><strong><em>2</em></strong></span> <span class='ocrx_word' id='word_1_273' title='bbox 1005 4444 1044 4530; x_wconf 61' lang='grc' dir='ltr'><strong><em>ὃ</em></strong></span> <span class='ocrx_word' id='word_1_274' title='bbox 1084 4445 1116 4508; x_wconf 94' lang='grc'>1</span> <span class='ocrx_word' id='word_1_275' title='bbox 1156 4443 1237 4510; x_wconf 91' lang='lat' dir='ltr'><strong>de</strong></span> <span class='ocrx_word' id='word_1_276' title='bbox 1272 4443 1499 4510; x_wconf 89' lang='lat' dir='ltr'><strong>interd.</strong></span> <span class='ocrx_word' id='word_1_277' title='bbox 1538 4444 1667 4526; x_wconf 88' lang='grc'><strong>(43.</strong></span> <span class='ocrx_word' id='word_1_278' title='bbox 1710 4445 1792 4523; x_wconf 93' lang='grc'><strong>1).</strong></span> 
     </span>
    </p>
   </div>
   <div class='ocr_carea' id='block_1_13' title="bbox 298 4656 3174 4889">
    <p class='ocr_par' dir='ltr' id='par_1_16' title="bbox 298 4656 3174 4889">
     <span class='ocr_line' id='line_1_33' title="bbox 371 4656 3174 4735; baseline -0.002 -19"><span class='ocrx_word' id='word_1_279' title='bbox 371 4664 424 4732; x_wconf 90' lang='grc'><strong>1)</strong></span> <span class='ocrx_word' id='word_1_280' title='bbox 440 4661 613 4716; x_wconf 81' lang='lat' dir='ltr'><strong>Nieht</strong></span> <span class='ocrx_word' id='word_1_281' title='bbox 630 4668 773 4717; x_wconf 80' lang='lat' dir='ltr'><strong>etwa</strong></span> <span class='ocrx_word' id='word_1_282' title='bbox 789 4662 893 4718; x_wconf 83' lang='lat' dir='ltr'><strong>auf</strong></span> <span class='ocrx_word' id='word_1_283' title='bbox 904 4663 1004 4719; x_wconf 84' lang='lat' dir='ltr'><strong>das</strong></span> <span class='ocrx_word' id='word_1_284' title='bbox 1030 4662 1301 4719; x_wconf 83' lang='lat' dir='ltr'><strong>Interdiet</strong></span> <span class='ocrx_word' id='word_1_285' title='bbox 1327 4663 1524 4717; x_wconf 82' lang='lat' dir='ltr'><strong>selbst:</strong></span> <span class='ocrx_word' id='word_1_286' title='bbox 1552 4663 1699 4717; x_wconf 91' lang='lat' dir='ltr'><strong>denn</strong></span> <span class='ocrx_word' id='word_1_287' title='bbox 1835 4664 1891 4731; x_wconf 81' lang='lat'><strong>4)</strong></span> <span class='ocrx_word' id='word_1_288' title='bbox 1915 4663 2046 4735; x_wconf 88' lang='lat' dir='ltr'><strong>Ulp.</strong></span> <span class='ocrx_word' id='word_1_289' title='bbox 2083 4665 2153 4718; x_wconf 87' lang='grc'><strong>68</strong></span> <span class='ocrx_word' id='word_1_290' title='bbox 2184 4661 2251 4718; x_wconf 83' lang='lat' dir='ltr'><strong>fr.</strong></span> <span class='ocrx_word' id='word_1_291' title='bbox 2287 4664 2317 4716; x_wconf 91' lang='lat'>1</span> <span class='ocrx_word' id='word_1_292' title='bbox 2350 4662 2382 4733; x_wconf 65' lang='grc' dir='ltr'><strong>ξ</strong></span> <span class='ocrx_word' id='word_1_293' title='bbox 2408 4663 2438 4716; x_wconf 94' lang='grc'><strong>1</strong></span> <span class='ocrx_word' id='word_1_294' title='bbox 2471 4661 2526 4717; x_wconf 88' lang='lat' dir='ltr'><strong>h.</strong></span> <span class='ocrx_word' id='word_1_295' title='bbox 2560 4665 2620 4728; x_wconf 71' lang='lat' dir='ltr'><strong>t,</strong></span> <span class='ocrx_word' id='word_1_296' title='bbox 2652 4658 2720 4714; x_wconf 83' lang='lat' dir='ltr'><strong>fr.</strong></span> <span class='ocrx_word' id='word_1_297' title='bbox 2746 4660 2781 4713; x_wconf 89' lang='grc'>9</span> <span class='ocrx_word' id='word_1_298' title='bbox 2813 4657 3000 4729; x_wconf 81' lang='lat' dir='ltr'><strong>pr.-§</strong></span> <span class='ocrx_word' id='word_1_299' title='bbox 3030 4656 3066 4710; x_wconf 90' lang='grc'><strong>2</strong></span> <span class='ocrx_word' id='word_1_300' title='bbox 3100 4656 3174 4710; x_wconf 91' lang='lat' dir='ltr'><strong>de</strong></span> 
     </span>
     <span class='ocr_line' id='line_1_34' title="bbox 301 4738 2197 4812; baseline 0.001 -19"><span class='ocrx_word' id='word_1_301' title='bbox 301 4755 361 4793; x_wconf 82' lang='lat' dir='ltr'><strong>es</strong></span> <span class='ocrx_word' id='word_1_302' title='bbox 391 4738 567 4794; x_wconf 65' lang='lat' dir='ltr'><strong>heizet</strong></span> <span class='ocrx_word' id='word_1_303' title='bbox 609 4738 948 4807; x_wconf 82' lang='lat' dir='ltr'><strong>„interdicto</strong></span> <span class='ocrx_word' id='word_1_304' title='bbox 987 4740 1206 4795; x_wconf 86' lang='lat' dir='ltr'><strong>reddito</strong></span> <span class='ocrx_word' id='word_1_305' title='bbox 1247 4739 1388 4812; x_wconf 81' lang='lat' dir='ltr'><strong>agi“</strong></span> <span class='ocrx_word' id='word_1_306' title='bbox 1430 4740 1545 4794; x_wconf 91' lang='lat' dir='ltr'><strong>und</strong></span> <span class='ocrx_word' id='word_1_307' title='bbox 1586 4740 1697 4811; x_wconf 77' lang='lat' dir='ltr'><strong>vgl.</strong></span> <span class='ocrx_word' id='word_1_308' title='bbox 1766 4740 1879 4796; x_wconf 90' lang='lat' dir='ltr'><strong>diu.</strong></span> <span class='ocrx_word' id='word_1_309' title='bbox 1904 4758 2008 4797; x_wconf 88' lang='lat' dir='ltr'><strong>rer.</strong></span> <span class='ocrx_word' id='word_1_310' title='bbox 2035 4743 2102 4808; x_wconf 87' lang='lat'><strong>(1.</strong></span> <span class='ocrx_word' id='word_1_311' title='bbox 2128 4741 2197 4807; x_wconf 89' lang='grc'><strong>8).</strong></span> 
     </span>
     <span class='ocr_line' id='line_1_35' title="bbox 298 4810 3170 4889; baseline -0.003 -19"><span class='ocrx_word' id='word_1_312' title='bbox 298 4815 365 4871; x_wconf 81' lang='lat' dir='ltr'><strong>fr.</strong></span> <span class='ocrx_word' id='word_1_313' title='bbox 391 4816 426 4870; x_wconf 88' lang='lat'><strong>3</strong></span> <span class='ocrx_word' id='word_1_314' title='bbox 450 4815 481 4886; x_wconf 71' lang='grc' dir='ltr'><strong>ξ)</strong></span> <span class='ocrx_word' id='word_1_315' title='bbox 508 4815 573 4868; x_wconf 87' lang='grc'><strong>16</strong></span> <span class='ocrx_word' id='word_1_316' title='bbox 596 4815 650 4871; x_wconf 89' lang='lat' dir='ltr'><strong>h.</strong></span> <span class='ocrx_word' id='word_1_317' title='bbox 674 4821 733 4886; x_wconf 67' lang='lat' dir='ltr'><strong>t„</strong></span> <span class='ocrx_word' id='word_1_318' title='bbox 759 4815 1091 4886; x_wconf 82' lang='lat' dir='ltr'><strong>Schmidt,</strong></span> <span class='ocrx_word' id='word_1_319' title='bbox 1116 4835 1164 4873; x_wconf 88' lang='lat' dir='ltr'><strong>a.</strong></span> <span class='ocrx_word' id='word_1_320' title='bbox 1190 4834 1240 4872; x_wconf 87' lang='lat' dir='ltr'><strong>a.</strong></span> <span class='ocrx_word' id='word_1_321' title='bbox 1267 4817 1331 4872; x_wconf 88' lang='grc' dir='ltr'><strong>Ο.</strong></span> <span class='ocrx_word' id='word_1_322' title='bbox 1360 4815 1414 4872; x_wconf 85' lang='lat' dir='ltr'><strong>S.</strong></span> <span class='ocrx_word' id='word_1_323' title='bbox 1443 4816 1559 4870; x_wconf 89' lang='grc'><strong>119.</strong></span> <span class='ocrx_word' id='word_1_324' title='bbox 1579 4817 1698 4872; x_wconf 82' lang='grc'><strong>250.</strong></span> <span class='ocrx_word' id='word_1_325' title='bbox 1835 4819 1889 4887; x_wconf 84' lang='grc'><strong>5)</strong></span> <span class='ocrx_word' id='word_1_326' title='bbox 1913 4817 2045 4889; x_wconf 88' lang='lat' dir='ltr'><strong>Ulp.</strong></span> <span class='ocrx_word' id='word_1_327' title='bbox 2070 4819 2140 4872; x_wconf 87' lang='grc'><strong>68</strong></span> <span class='ocrx_word' id='word_1_328' title='bbox 2163 4816 2229 4870; x_wconf 84' lang='lat' dir='ltr'><strong>fr.</strong></span> <span class='ocrx_word' id='word_1_329' title='bbox 2257 4818 2287 4870; x_wconf 90' lang='lat'>1</span> <span class='ocrx_word' id='word_1_330' title='bbox 2325 4819 2353 4885; x_wconf 66' lang='grc' dir='ltr'><strong>ξ</strong></span> <span class='ocrx_word' id='word_1_331' title='bbox 2378 4816 2412 4870; x_wconf 91' lang='grc'><strong>2</strong></span> <span class='ocrx_word' id='word_1_332' title='bbox 2438 4816 2489 4870; x_wconf 84' lang='lat' dir='ltr'><strong>h.</strong></span> <span class='ocrx_word' id='word_1_333' title='bbox 2513 4820 2580 4868; x_wconf 83' lang='lat' dir='ltr'><strong>t.:</strong></span> <span class='ocrx_word' id='word_1_334' title='bbox 2618 4811 2780 4877; x_wconf 84' lang='lat' dir='ltr'><strong>Quod</strong></span> <span class='ocrx_word' id='word_1_335' title='bbox 2813 4810 2896 4864; x_wconf 86' lang='lat' dir='ltr'><strong>ait</strong></span> <span class='ocrx_word' id='word_1_336' title='bbox 2926 4814 3170 4880; x_wconf 83' lang='lat' dir='ltr'><strong>praetor,</strong></span> 
     </span>
    </p>
   </div>
   <div class='ocr_carea' id='block_1_14' title="bbox 297 4884 3172 5121">
    <p class='ocr_par' dir='ltr' id='par_1_17' title="bbox 297 4884 3172 5121">
     <span class='ocr_line' id='line_1_36' title="bbox 297 4884 3172 4965; baseline -0.002 -19"><span class='ocrx_word' id='word_1_337' title='bbox 297 4892 411 4947; x_wconf 88' lang='lat' dir='ltr'><strong>Die</strong></span> <span class='ocrx_word' id='word_1_338' title='bbox 443 4891 942 4951; x_wconf 83' lang='lat' dir='ltr'><strong>arbitrarisehe</strong></span> <span class='ocrx_word' id='word_1_339' title='bbox 976 4894 1196 4949; x_wconf 84' lang='lat' dir='ltr'><strong>Formel</strong></span> <span class='ocrx_word' id='word_1_340' title='bbox 1226 4895 1363 4949; x_wconf 85' lang='lat' dir='ltr'><strong>aber</strong></span> <span class='ocrx_word' id='word_1_341' title='bbox 1389 4892 1577 4948; x_wconf 81' lang='lat' dir='ltr'><strong>wurde</strong></span> <span class='ocrx_word' id='word_1_342' title='bbox 1603 4893 1697 4949; x_wconf 87' lang='lat' dir='ltr'><strong>be·</strong></span> <span class='ocrx_word' id='word_1_343' title='bbox 1765 4912 1837 4950; x_wconf 91' lang='lat' dir='ltr'><strong>ne</strong></span> <span class='ocrx_word' id='word_1_344' title='bbox 1885 4895 2020 4965; x_wconf 88' lang='lat' dir='ltr'><strong>quid</strong></span> <span class='ocrx_word' id='word_1_345' title='bbox 2066 4895 2125 4948; x_wconf 90' lang='lat' dir='ltr'><strong>in</strong></span> <span class='ocrx_word' id='word_1_346' title='bbox 2171 4895 2294 4948; x_wconf 86' lang='lat' dir='ltr'><strong>loeo</strong></span> <span class='ocrx_word' id='word_1_347' title='bbox 2350 4908 2508 4947; x_wconf 84' lang='lat' dir='ltr'><strong>sacro</strong></span> <span class='ocrx_word' id='word_1_348' title='bbox 2553 4888 2654 4944; x_wconf 85' lang='lat' dir='ltr'><strong>fiat</strong></span> <span class='ocrx_word' id='word_1_349' title='bbox 2694 4926 2992 4945; x_wconf 91' lang='lat'><strong>......</strong></span> <span class='ocrx_word' id='word_1_350' title='bbox 3043 4884 3172 4941; x_wconf 83' lang='lat' dir='ltr'><strong>Gai.</strong></span> 
     </span>
     <span class='ocr_line' id='line_1_37' title="bbox 298 4968 1994 5028; baseline 0.001 -4"><span class='ocrx_word' id='word_1_351' title='bbox 298 4968 588 5025; x_wconf 83' lang='lat' dir='ltr'><strong>kanntlieh</strong></span> <span class='ocrx_word' id='word_1_352' title='bbox 610 4969 669 5024; x_wconf 92' lang='lat' dir='ltr'><strong>in</strong></span> <span class='ocrx_word' id='word_1_353' title='bbox 694 4972 995 5028; x_wconf 82' lang='lat' dir='ltr'><strong>continenti</strong></span> <span class='ocrx_word' id='word_1_354' title='bbox 1022 4972 1181 5028; x_wconf 78' lang='lat' dir='ltr'><strong>editt.</strong></span> <span class='ocrx_word' id='word_1_355' title='bbox 1766 4972 1851 5028; x_wconf 88' lang='lat' dir='ltr'><strong>lV</strong></span> <span class='ocrx_word' id='word_1_356' title='bbox 1879 4973 1994 5027; x_wconf 85' lang='lat'><strong>159.</strong></span> 
     </span>
     <span class='ocr_line' id='line_1_38' title="bbox 364 5039 3170 5121; baseline -0.001 -19"><span class='ocrx_word' id='word_1_357' title='bbox 364 5048 419 5114; x_wconf 90' lang='grc'><strong>2)</strong></span> <span class='ocrx_word' id='word_1_358' title='bbox 442 5046 513 5103; x_wconf 92' lang='lat' dir='ltr'><strong>D.</strong></span> <span class='ocrx_word' id='word_1_359' title='bbox 539 5047 641 5116; x_wconf 82' lang='lat'><strong>(43.</strong></span> <span class='ocrx_word' id='word_1_360' title='bbox 666 5049 736 5116; x_wconf 87' lang='grc'><strong>6).</strong></span> <span class='ocrx_word' id='word_1_361' title='bbox 1835 5050 1890 5117; x_wconf 88' lang='grc'><strong>6)</strong></span> <span class='ocrx_word' id='word_1_362' title='bbox 1914 5049 2043 5121; x_wconf 83' lang='lat' dir='ltr'><strong>Vgl.</strong></span> <span class='ocrx_word' id='word_1_363' title='bbox 2070 5049 2201 5119; x_wconf 86' lang='lat' dir='ltr'><strong>Ulp.</strong></span> <span class='ocrx_word' id='word_1_364' title='bbox 2236 5048 2304 5102; x_wconf 82' lang='grc'><strong>67</strong></span> <span class='ocrx_word' id='word_1_365' title='bbox 2337 5046 2403 5103; x_wconf 82' lang='lat' dir='ltr'><strong>fr.</strong></span> <span class='ocrx_word' id='word_1_366' title='bbox 2441 5048 2468 5100; x_wconf 93' lang='lat'>1</span> <span class='ocrx_word' id='word_1_367' title='bbox 2502 5062 2583 5116; x_wconf 89' lang='lat' dir='ltr'><strong>pr.</strong></span> <span class='ocrx_word' id='word_1_368' title='bbox 2618 5043 2689 5099; x_wconf 85' lang='lat' dir='ltr'><strong>de</strong></span> <span class='ocrx_word' id='word_1_369' title='bbox 2720 5040 2918 5097; x_wconf 85' lang='lat' dir='ltr'><strong>interd.</strong></span> <span class='ocrx_word' id='word_1_370' title='bbox 2952 5039 3054 5104; x_wconf 80' lang='lat'><strong>(43.</strong></span> <span class='ocrx_word' id='word_1_371' title='bbox 3092 5040 3170 5105; x_wconf 80' lang='lat'><strong>1):</strong></span> 
     </span>
    </p>
   </div>
   <div class='ocr_carea' id='block_1_15' title="bbox 301 5116 3174 5275">
    <p class='ocr_par' dir='ltr' id='par_1_18' title="bbox 301 5116 3174 5275">
     <span class='ocr_line' id='line_1_39' title="bbox 365 5116 3174 5198; baseline -0.003 -19"><span class='ocrx_word' id='word_1_372' title='bbox 365 5126 419 5194; x_wconf 90' lang='grc'><strong>3)</strong></span> <span class='ocrx_word' id='word_1_373' title='bbox 442 5124 534 5179; x_wconf 84' lang='lat' dir='ltr'><strong>Fr.</strong></span> <span class='ocrx_word' id='word_1_374' title='bbox 564 5127 594 5180; x_wconf 93' lang='grc'><strong>1</strong></span> <span class='ocrx_word' id='word_1_375' title='bbox 628 5125 683 5180; x_wconf 89' lang='lat' dir='ltr'><strong>h.</strong></span> <span class='ocrx_word' id='word_1_376' title='bbox 708 5132 766 5194; x_wconf 82' lang='lat' dir='ltr'><strong>t.,</strong></span> <span class='ocrx_word' id='word_1_377' title='bbox 800 5125 866 5181; x_wconf 84' lang='lat' dir='ltr'><strong>fr.</strong></span> <span class='ocrx_word' id='word_1_378' title='bbox 891 5128 925 5182; x_wconf 90' lang='grc'><strong>9</strong></span> <span class='ocrx_word' id='word_1_379' title='bbox 958 5126 1030 5182; x_wconf 88' lang='lat' dir='ltr'><strong>de</strong></span> <span class='ocrx_word' id='word_1_380' title='bbox 1055 5127 1166 5183; x_wconf 90' lang='lat' dir='ltr'><strong>diu.</strong></span> <span class='ocrx_word' id='word_1_381' title='bbox 1198 5144 1302 5183; x_wconf 86' lang='lat' dir='ltr'><strong>rer.</strong></span> <span class='ocrx_word' id='word_1_382' title='bbox 1338 5130 1404 5194; x_wconf 90' lang='lat'><strong>(1.</strong></span> <span class='ocrx_word' id='word_1_383' title='bbox 1429 5128 1502 5198; x_wconf 89' lang='lat'><strong>8),</strong></span> <span class='ocrx_word' id='word_1_384' title='bbox 1536 5126 1602 5183; x_wconf 84' lang='lat' dir='ltr'><strong>fr.</strong></span> <span class='ocrx_word' id='word_1_385' title='bbox 1629 5129 1699 5184; x_wconf 85' lang='lat'><strong>13</strong></span> <span class='ocrx_word' id='word_1_386' title='bbox 1770 5169 1779 5181; x_wconf 94' lang='lat'><strong>.</strong></span> <span class='ocrx_word' id='word_1_387' title='bbox 1803 5169 1847 5182; x_wconf 91' lang='lat'><strong>..</strong></span> <span class='ocrx_word' id='word_1_388' title='bbox 1873 5167 1886 5179; x_wconf 94' lang='lat'><strong>.</strong></span> <span class='ocrx_word' id='word_1_389' title='bbox 1912 5126 2210 5182; x_wconf 84' lang='lat' dir='ltr'><strong>interdieta</strong></span> <span class='ocrx_word' id='word_1_390' title='bbox 2234 5169 2246 5182; x_wconf 92' lang='lat'><strong>.</strong></span> <span class='ocrx_word' id='word_1_391' title='bbox 2269 5169 2281 5181; x_wconf 93' lang='lat'><strong>.</strong></span> <span class='ocrx_word' id='word_1_392' title='bbox 2303 5168 2315 5181; x_wconf 96' lang='lat'><strong>.</strong></span> <span class='ocrx_word' id='word_1_393' title='bbox 2338 5168 2349 5180; x_wconf 96' lang='lat'><strong>.</strong></span> <span class='ocrx_word' id='word_1_394' title='bbox 2371 5124 2441 5179; x_wconf 86' lang='lat' dir='ltr'><strong>de</strong></span> <span class='ocrx_word' id='word_1_395' title='bbox 2467 5120 2672 5176; x_wconf 84' lang='lat' dir='ltr'><strong>diuinis</strong></span> <span class='ocrx_word' id='word_1_396' title='bbox 2695 5120 2862 5175; x_wconf 85' lang='lat' dir='ltr'><strong>rebus</strong></span> <span class='ocrx_word' id='word_1_397' title='bbox 2886 5161 2899 5174; x_wconf 93' lang='lat'><strong>.</strong></span> <span class='ocrx_word' id='word_1_398' title='bbox 2920 5161 2932 5174; x_wconf 94' lang='lat'><strong>.</strong></span> <span class='ocrx_word' id='word_1_399' title='bbox 2954 5158 2987 5188; x_wconf 90' lang='lat'><strong>.‚</strong></span> <span class='ocrx_word' id='word_1_400' title='bbox 3010 5122 3075 5172; x_wconf 85' lang='lat' dir='ltr'><strong>ut</strong></span> <span class='ocrx_word' id='word_1_401' title='bbox 3097 5116 3174 5171; x_wconf 80' lang='lat' dir='ltr'><strong>de</strong></span> 
     </span>
     <span class='ocr_line' id='line_1_40' title="bbox 301 5197 2782 5275; baseline -0.01 1"><span class='ocrx_word' id='word_1_402' title='bbox 301 5203 411 5272; x_wconf 77' lang='grc' dir='ltr'>[ῙῙ]</span> <span class='ocrx_word' id='word_1_403' title='bbox 437 5202 511 5257; x_wconf 61' lang='lat' dir='ltr'><strong>“d</strong></span> <span class='ocrx_word' id='word_1_404' title='bbox 534 5202 569 5258; x_wconf 79' lang='lat' dir='ltr'><strong>l·</strong></span> <span class='ocrx_word' id='word_1_405' title='bbox 595 5202 697 5259; x_wconf 81' lang='lat'>1¹²1·</span> <span class='ocrx_word' id='word_1_406' title='bbox 724 5204 902 5275; x_wconf 69' lang='lat' dir='ltr'><strong>pecul·</strong></span> <span class='ocrx_word' id='word_1_407' title='bbox 930 5205 1031 5270; x_wconf 81' lang='lat'><strong>(48.</strong></span> <span class='ocrx_word' id='word_1_408' title='bbox 1062 5206 1162 5275; x_wconf 90' lang='lat'><strong>13).</strong></span> <span class='ocrx_word' id='word_1_409' title='bbox 1767 5204 1904 5259; x_wconf 81' lang='lat' dir='ltr'><strong>loeis</strong></span> <span class='ocrx_word' id='word_1_410' title='bbox 1928 5204 2099 5260; x_wconf 81' lang='lat' dir='ltr'><strong>sacris</strong></span> <span class='ocrx_word' id='word_1_411' title='bbox 2121 5204 2212 5259; x_wconf 89' lang='lat' dir='ltr'><strong>uel</strong></span> <span class='ocrx_word' id='word_1_412' title='bbox 2237 5204 2307 5259; x_wconf 89' lang='lat' dir='ltr'><strong>de</strong></span> <span class='ocrx_word' id='word_1_413' title='bbox 2329 5200 2467 5257; x_wconf 82' lang='lat' dir='ltr'><strong>loeis</strong></span> <span class='ocrx_word' id='word_1_414' title='bbox 2490 5197 2782 5271; x_wconf 79' lang='lat' dir='ltr'><strong>religiosis.</strong></span> 
     </span>
    </p>
   </div>
  </div>
 </body>
</html>
