3736 5919
570 486 717 527 mv
1555 461 1988 523 Uebersicht
2033 460 2154 521 des
2199 459 2469 520 Edicta.

928 649 937 785 Ι
1055 691 1085 760 ς
1197 647 1203 783 Ι
2516 643 2523 779 Ι
2557 681 2687 753 Ulp.
2737 641 2914 779 ΡαιιιΙ
2940 682 3067 739 Gai.
3094 640 3103 780 Ι
3149 682 3254 737 Iul.
3330 693 3456 734 sen.

1003 835 1122 889 277.
1249 853 1261 887 :
1300 833 1433 888 Doli
1456 832 1587 887 mali
1615 838 1672 888 et
1695 838 1890 887 metus.
2594 824 2661 884 76
2785 831 2849 885 71
2973 831 3044 885 30
3172 832 3238 886 51
3337 832 3441 887 405

1002 912 1121 966 278.
1247 930 1261 966 :
1301 911 1546 975 Quarum
1570 925 1754 964 rerum
1778 909 1926 964 aetio
1949 925 2059 964 non
2083 908 2263 963 datur.
2595 908 2661 962 76
2784 908 2849 962 71
2973 909 3044 962 30
3335 908 3440 964 405

1002 988 1121 1041 279.
1247 1008 1260 1042 :
1300 987 1360 1043 Si
1404 987 1538 1058 quid
1580 993 1769 1042 contra
1813 986 1998 1058 legem
2038 992 2332 1041 senatusue
2376 1003 2501 1042 con-

1417 1065 1622 1118 cultum
1647 1063 1856 1119 factum
1883 1080 2002 1119 esse
2028 1063 2254 1117 dicetur.
2595 1062 2662 1115 76
2786 1062 2852 1117 71
3171 1061 3238 1115 51
3335 1063 3439 1117 406

648 1184 827 1240 XLV.
1248 1204 1261 1237 :
1298 1184 1401 1239 De
1437 1183 2005 1254 stipulationibus
2035 1183 2423 1254 praetoriis.
2544 1180 2702 1235 77-81
2734 1184 2894 1237 72-78
2922 1183 3004 1236 27.
3025 1183 3093 1236 28
3119 1182 3283 1236 52-58
3336 1182 3438 1237 407

1001 1270 1121 1324 280.
1250 1289 1262 1323 :
1310 1271 1676 1323 Uadimonium
1699 1272 1825 1323 sisti.
2593 1266 2659 1321 77
3172 1269 3242 1322 55
3337 1268 3440 1322 408

1004 1347 1124 1399 281.
1251 1366 1262 1400 :
1299 1346 1411 1400 Pro
1434 1346 1643 1416 praede
1668 1346 1784 1400 litis
1808 1353 1864 1401 et
1888 1343 2271 1403 uindiciarum.
2595 1343 2660 1397 77
2784 1345 2851 1398 74
2970 1344 3038 1397 27
3171 1345 3242 1399 55
3335 1345 3439 1398 409

1003 1424 1122 1477 282.
1250 1442 1262 1476 :
1301 1422 1615 1477 Iudicatum
1639 1423 1794 1478 solui.
2594 1421 2661 1474 78
2741 1423 2807 1476 75
2826 1425 2892 1491 (Ῥ)
2972 1422 3039 1475 27
3337 1422 3439 1474 416

1001 1499 1121 1553 283.
1249 1519 1263 1553 :
1301 1502 1386 1554 De
1409 1499 1737 1566 conferendis
1762 1501 1908 1555 bonis
1931 1511 1978 1555 et
2001 1504 2216 1557 dotibus
2593 1498 2660 1551 79
3337 1498 3440 1551 418

1000 1576 1120 1631 284.
1248 1595 1261 1630 t
1301 1575 1361 1632 Si
1386 1577 1475 1631 oui
1499 1577 1643 1647 plus,
1669 1594 1835 1646 quam
1859 1594 1962 1648 per
1985 1578 2166 1651 legem
2193 1579 2502 1634 Falcidiam

1415 1653 1653 1720 licuerit,
1679 1654 1926 1725 legatum
1950 1671 2071 1710 esse
2097 1656 2325 1711 dicetur.
2593 1652 2659 1706 79
2783 1654 2851 1708 75
3337 1652 3442 1706 419

1000 1730 1121 1783 285.
1249 1748 1261 1782 :
1298 1729 1499 1784 Euicta
1522 1730 1830 1786 hereditate
1854 1732 2045 1803 legata
2068 1733 2243 1787 reddi.
2593 1730 2659 1784 79
2783 1733 2850 1786 ’75
3337 1729 3442 1782 419

1001 1807 1121 1860 286.
1250 1826 1263 1859 :
1300 1805 1754 1863 Usufruetuarius
1787 1808 2251 1879 quemadmodum
2285 1815 2497 1865 caueat.
2593 1807 2660 1861 79
2783 1809 2850 1864 75
3335 1806 3441 1860 420

1003 1885 1122 1938 287.
1247 1902 1260 1935 :
1298 1882 1379 1939 Ut
1416 1884 1726 1955 legatorum
1767 1885 2161 1939 seruandorum
2205 1902 2373 1941 causa
2411 1902 2498 1942 ca·

1418 1967 1631 2014 ueatur.
2592 1961 2658 2014 79
2782 1964 2850 2018 75
2970 1961 3037 2014 27
3335 1961 3435 2014 421

1002 2037 1121 2091 288.
1249 2054 1262 2088 :
1298 2035 1439 2090 Rem
1488 2037 1685 2109 pupilli
1730 2037 1821 2092 nel
1867 2038 2241 2094 adulescentis
2288 2041 2499 2096 saluam

1419 2112 1555 2168 fore.
2592 2115 2658 2168 79
2783 2118 2850 2171 76
2971 2115 3039 2168 27
3336 2113 3441 2167 422

1001 2191 1121 2246 289.
1249 2208 1263 2242 :
1300 2188 1501 2244 Ratam
1527 2206 1643 2245 rem
1667 2191 1879 2246 haberi.
2589 2193 2660 2247 80
2783 2194 2850 2249 76
3171 2194 3239 2248 56
3335 2191 3440 2244 423

1002 2269 1120 2322 290.
1249 2286 1262 2319 :
1298 2269 1385 2321 De
1408 2270 1730 2322 auctoritate.
2537 2270 2620 2325 80.
2641 2271 2709 2325 81
2731 2271 2812 2324 76.
2835 2271 2901 2324 77
2970 2270 3039 2323 28
3119 2271 3203 2325 57.
3224 2270 3293 2325 58
3335 2267 3442 2321 423

1002 2345 1121 2399 291.
1249 2362 1263 2396 :
1298 2343 1382 2396 Ex
1406 2345 1590 2415 operis
1615 2345 1745 2399 noui
1768 2344 2131 2400 nuntiatione.
2589 2349 2655 2402 81
3336 2346 3436 2400 431

1001 2421 1120 2475 292.
1248 2440 1261 2473 :
1299 2419 1388 2475 De
1414 2421 1615 2476 damno
1636 2419 1861 2476 infecte.
2588 2426 2654 2478 81
2782 2424 2850 2478 78
2970 2424 3039 2479 28
3171 2424 3241 2478 58
3335 2423 3441 2477 433

1335 3075 1729 3151 Edictum
1779 3078 2190 3154 aedilium
2235 3080 2676 3155 curulium.

687 3401 800 3457 Tit.
931 3360 938 3498 Ι
1058 3401 1089 3471 ξ
1201 3359 1209 3494 Ι
2258 3363 2266 3501 Ι
2299 3406 2428 3477 Ulp.
2458 3366 2466 3499 Ι
2539 3405 2699 3461 Paul.
2784 3368 2791 3500 Ι
2884 3405 3010 3462 Gai.
3109 3366 3116 3499 Ι
3158 3405 3261 3460 Iul.
3305 3368 3455 3502 Ιεοιι.

754 3547 799 3600 1.
1250 3566 1263 3600 ε
1301 3547 1389 3602 De
1415 3548 1705 3619 mancipiis
1728 3548 2057 3604 nendundis.
2290 3553 2318 3604 1
2339 3552 2447 3620 (82)
2477 3552 3107 3621 1.2(79.8Ο)1.2(31.32)

721 3623 800 3678 11.
1250 3642 1264 3676 ε
1302 3626 1387 3678 De
1409 3626 1646 3679 iumentis
1669 3627 1971 3680 uendundis.
2287 3628 2321 3679 2
2341 3628 2447 3694 (83)
2550 3629 2585 3682 2
2603 3631 2708 3699 (80)
3334 3634 3442 3689 444

692 3700 797 3754 ΙΙΙ.
1250 3720 1263 3753 :
1301 3703 1387 3755 De
1409 3701 1551 3768 feris.
2287 3705 2445 3772 2(83)
2547 3706 2583 3758 2
2607 3708 2711 3775 (80)
3337 3712 3445 3767 444

1251 3795 1264 3830 :
1301 3780 1578 3847 Stzpulatio
1598 3779 1667 3833 ab
1685 3780 1935 3834 aedilibus
1951 3783 2237 3850 proposita.
2286 3782 2320 3834 2
2338 3783 2444 3851 (83)
2549 3784 2584 3837 2
2603 3784 2711 3853 (80)
2877 3785 2912 3838 2
2933 3784 3038 3853 (32)
3335 3790 3442 3845 445
