3736 5919
1338 1534 2008 1620 Ueborsioht
2072 1537 2256 1620 des
2319 1536 2732 1618 Edicts.

2540 1843 2546 1974 Ι
2579 1879 2709 1950 Ulp.
2737 1837 2933 1975 {Pani}
2959 1877 3084 1932 Gai.
3117 1839 3125 1976 Ι
3177 1879 3280 1934 1u1.
3328 1839 3476 1971 'Seite

741 2026 788 2079 1.
1267 2044 1280 2078 ε
1319 2027 1412 2079 De
1459 2027 1562 2092 iis,
1607 2027 1717 2097 qui
1768 2027 1828 2079 in
1878 2027 2225 2096 municipio
2274 2028 2522 2080 colonia

1438 2103 1583 2170 soro
1616 2106 1755 2158 iure
1786 2106 2061 2157 dicundo
2090 2114 2416 2174 praesunt.
2596 2102 2698 2157 1.2
2788 2104 2891 2158 1.2
3015 2106 3044 2157 l
3374 2103 3442 2155 41

1085 2187 1133 2239 1.
1269 2207 1282 2241 ε
1321 2187 1382 2242 Si
1406 2188 1532 2257 quis
1558 2188 1645 2242 ius
1671 2190 1881 2244 dicenti
1904 2205 2012 2243 non
2036 2189 2520 2262 obtemperauerit.
2631 2190 2658 2242 1
2823 2191 2852 2243 1
3014 2191 3042 2243 1
3374 2189 3442 2242 41

1083 2263 1133 2315 2.
1269 2284 1283 2318 :
1322 2263 1383 2320 Si
1417 2265 1542 2336 quis
1579 2265 1636 2319 in
1669 2265 1756 2320 ius
1792 2271 2023 2320 uocatus
2048 2268 2121 2319 ad
2159 2285 2298 2334 eum,
2341 2269 2434 2336 qui
2469 2268 2522 2319 in

1440 2344 1718 2412 municipio
1755 2345 1963 2395 colonia
2002 2343 2125 2410 soro
2159 2345 2271 2396 iure
2302 2345 2522 2395 dicundo

1434 2421 1686 2490 praeerit,
1710 2435 1818 2473 non
1844 2418 1975 2474 ierit
1998 2418 2117 2473 siue
2137 2420 2261 2490 quis
2286 2436 2411 2474 eum
2427 2434 2523 2472 uo-

1441 2496 1669 2562 cauefit,
1683 2512 1845 2565 quem
1858 2513 1924 2551 ox
1938 2495 2122 2551 edicto
2136 2512 2244 2550 non
2254 2496 2521 2550 debuerit.
2631 2494 2661 2546 1
2823 2496 2852 2547 l
3378 2495 3449 2548 42

1084 2570 1134 2624 3.
1271 2591 1285 2625 :
1322 2574 1407 2626 De
1465 2575 1705 2625 cautione
1758 2583 1805 2625 et
1854 2574 2186 2641 possessione
2241 2591 2304 2626 ex
2361 2590 2524 2626 causa

1440 2650 1622 2701 damni
1642 2648 1824 2715 insecti
1843 2651 2036 2703 danda.
2630 2648 2661 2701 1
2821 2648 2852 2701 1
3013 2650 3041 2702 1
3378 2649 3450 2702 42

1084 2724 1133 2774 4.
1272 2743 1285 2776 :
1322 2724 1412 2777 De
1437 2723 1709 2796 fugitiuis.
2632 2724 2660 2776 1
3377 2725 3451 2779 43

1083 2799 1133 2852 5.
1271 2818 1284 2852 :
1322 2799 1350 2853 ⁴?
1456 2800 1484 2853 ⁸?
2823 2802 2851 2854 1
3376 2802 3449 2855 44

1085 2875 1133 2928 6.
1271 2895 1284 2930 e
1322 2879 1407 2931 De
1430 2878 1728 2931 uadimonia
1753 2879 1976 2932 Romam
2001 2879 2258 2947 faciendo.
2630 2877 2664 2931 2
2819 2877 2853 2931 2
3012 2880 3043 2933 1
3375 2879 3448 2932 44

728 3006 802 3060 11.
1270 3026 1282 3059 ε
1322 3009 1415 3061 De
1447 3009 1652 3076 ipsius
1682 3009 2017 3077 praetoris
2052 3009 2521 3063 iurisdictione.
2630 3006 2665 3060 3
2821 3007 2855 3060 3
3014 3009 3041 3061 1
3377 3008 3450 3060 45

1085 3090 1133 3143 7.
1270 3111 1283 3145 ε
1321 3093 1411 3147 De
1436 3092 1565 3146 albo
1590 3098 1863 3164 corrupto.
2630 3092 2665 3146 3
2820 3092 2855 3146 3
3014 3096 3043 3147 1
3375 3094 3449 3146 46

1083 3167 1133 3221 8.
1271 3188 1284 3222 :
1322 3169 1482 3235 Quod
1503 3170 1737 3239 quisque
1763 3170 1898 3224 iuris
1921 3170 1979 3223 in
1999 3170 2234 3225 alterum
2250 3171 2523 3241 statuerit,

1440 3252 1502 3300 ut
1524 3247 1645 3318 ipse
1672 3247 1867 3302 eodem
1890 3246 2009 3302 iure
2033 3252 2239 3302 utatur.
2630 3246 2665 3300 3
2820 3246 2855 3300 3
3014 3247 3043 3299 1
3376 3246 3446 3299 47

713 3364 814 3418 ΙΙΙ.
1024 3438 1033 3449 ⁶
1085 3364 1134 3416 9.
1270 3386 1284 3422 :
1322 3367 1420 3421 De
1454 3367 1726 3421 edendo
2629 3367 2664 3419 4
2821 3365 2856 3418 3
3014 3368 3041 3420 1
3377 3366 3449 3419 48

714 3483 811 3539 IV.
1049 3484 1131 3538 10.
1270 3506 1283 3540 :
1322 3486 1420 3541 De
1453 3486 1678 3558 pactis
1713 3491 1777 3541 et
1811 3487 2398 3542 conuentionibus.
2629 3486 2664 3540 4
2821 3485 2857 3538 3
3012 3488 3043 3541 1
3376 3486 3449 3539 53

728 3603 794 3659 V.
1269 3606 1418 3660 :De
1451 3606 1518 3661 in
1550 3605 1655 3660 ius
1689 3607 2011 3660 noeando.
2631 3608 2665 3661 5
2821 3605 2856 3657 4
3015 3606 3042 3658 1
3214 3605 3243 3657 1
3378 3605 3450 3658 53

1051 3689 1132 3742 11.
1270 3710 1284 3745 ε
1321 3692 1388 3746 ln
1411 3691 1499 3746 ins
1522 3691 1708 3745 uocati
1731 3698 1793 3746 ut
1818 3697 1951 3746 eant
1972 3697 2070 3747 aut
2093 3694 2346 3747 uindicem
2373 3692 2521 3748 dent.
2630 3693 2665 3746 5
2820 3688 2855 3742 4
3014 3690 3043 3742 1
3377 3690 3450 3742 53

1052 3765 1133 3820 12.
1269 3787 1282 3822 :
1320 3769 1406 3825 Ne
1440 3769 1566 3838 quis
1600 3785 1743 3837 eum,
1778 3769 1874 3839 qui
1907 3768 1966 3823 in
1998 3769 2084 3823 ius
2117 3771 2424 3839 uocabitur,
2467 3769 2526 3825 ui

1439 3845 1659 3901 eximat.
2631 3846 2666 3899 5
2821 3841 2856 3895 4
3017 3845 3042 3897 1
3379 3843 3450 3895 59

1052 3920 1133 3973 13.
1269 3941 1283 3976 :
1318 3922 1346 3976 ⁴?
1453 3924 1481 3976 ’ἓ
2631 3922 2665 3975 5
3214 3921 3242 3970 1
3377 3918 3452 3971 60

712 4037 809 4093 VI.
1271 4061 1284 4094 :
1321 4042 1420 4096 De
1458 4041 1884 4111 postulando.
2630 4042 2664 4095 6
2824 4038 2859 4091 5
3015 4040 3044 4092 1
3378 4038 3446 4091 61

1052 4124 1135 4179 14.
1271 4145 1284 4179 :
1326 4128 1430 4188 Qui
1451 4128 1660 4180 omnino
1686 4146 1750 4180 ne
1768 4130 2048 4197 postulent.
3379 4123 3449 4176 61

1051 4202 1134 4255 15.
1271 4222 1284 4255 ε
1323 4202 1431 4266 Qui
1457 4219 1558 4273 pro
1582 4203 1708 4258 aliis
1732 4220 1801 4258 ne
1826 4202 2122 4273 postulent.
3379 4200 3445 4253 (31

1049 4278 1133 4332 16.
1270 4298 1283 4332 :
1326 4281 1430 4341 Qua·
1448 4281 1554 4333 nisi
1566 4297 1670 4349 pro
1698 4282 1851 4334 certis
1877 4283 2119 4350 personis
2152 4298 2217 4333 ne
2243 4282 2521 4350 postulent.
3380 4276 3452 4329 62

698 4395 827 4451 Vll.
1270 4418 1284 4453 ε
1321 4399 1419 4453 De
1452 4398 1877 4454 uadimoniis.
2632 4398 2663 4452 7
2788 4397 2837 4450 6.
2860 4396 2890 4449 7
3014 4398 3049 4451 2
3212 4398 3246 4449 2
3381 4396 3455 4449 65

1050 4482 1134 4536 17.
1270 4503 1283 4537 :
1320 4486 1404 4537 De
1427 4486 1723 4538 uadimonia
1747 4486 2006 4553 faciendo.
3379 4481 3453 4533 (55

1050 4558 1136 4613 18.
1269 4579 1283 4614 ε
1326 4562 1524 4623 Quanti
1543 4563 1840 4616 uadimonia
1859 4565 2011 4635 fiant.
3379 4558 3452 4611 65

1050 4637 1133 4691 19.
1269 4655 1282 4690 :
1320 4637 1429 4703 Qui
1456 4637 1727 4692 satisdare
1760 4643 2031 4710 cogantur
2064 4638 2156 4692 uel
2187 4637 2368 4692 iurato
2401 4654 2524 4707 pro-

1439 4714 1666 4769 mittant
1705 4714 1799 4769 uel
1830 4731 1962 4770 suae
1996 4713 2347 4785 promissioni
2380 4729 2524 4768 com·

1441 4792 1749 4845 mittantur.
3380 4788 3453 4841 66

1046 4867 1133 4922 20.
1270 4886 1284 4920 :
1321 4870 1408 4922 De
1431 4870 1728 4921 uadimonia
1753 4869 2102 4936 concipiendo.
3379 4864 3453 4917 66

1047 4943 1133 4997 21.
1271 4962 1284 4997 :
1323 4943 1386 4999 Si
1433 4960 1499 4998 ex
1546 4944 1729 4999 noxali
1778 4960 1947 4998 eausa
1994 4950 2213 5015 agatur,
2261 4943 2524 5015 quemad·

1442 5021 1666 5076 modum
1691 5028 1970 5076 caueatur.
3379 5018 3454 5071 66

1046 5097 1132 5151 22.
1270 5116 1284 5151 :
1326 5099 1470 5160 Quas
1506 5115 1766 5167 personas
1811 5099 1925 5151 sine
1964 5099 2224 5167 permissu
2266 5099 2528 5168 praetoris

1440 5176 1637 5229 uadari
1656 5192 1761 5227 non
1787 5174 1958 5228 liceat.
3379 5170 3452 5224 67
