3736 5919
1265 387 1702 450 Uebersicht
1745 387 1867 449 des
1911 386 2184 448 Edicta.
3055 405 3168 446 xx1

396 617 513 671 Tit.
644 575 653 712 Ι
771 614 802 683 ξ
910 577 920 709 Ι
2234 567 3168 708 {mp.fl1³au1.1eai.11u1.}se1t0
3257 583 3267 595 ’

963 778 976 813 :
1014 759 1094 816 Ut
1139 759 1450 831 legatorum
1485 757 1881 812 seruandorum
1921 771 2089 810 causa
2129 773 2218 811 ca-

1132 841 1346 890 ueatur.
2308 833 2377 887 52
3050 835 3153 889 296

719 915 836 970 173.
964 932 978 967 :
1014 913 1094 970 Ut
1124 911 1182 966 in
1215 911 1617 983 possessionem
1649 910 1960 982 legatorum
1994 925 2215 965 seruan-

1136 988 1330 1043 dorum
1354 1004 1523 1043 causa
1547 1004 1668 1044 esse
1693 987 1874 1043 liceat.
2306 985 2374 1039 52
2494 989 2564 1043 48
2689 988 2755 1042 18
2886 987 2955 1042 38
3049 989 3152 1042 297

314 1123 593 1180 XXVIII.
719 1120 835 1176 174.
963 1137 977 1171 ε
1012 1116 1112 1172 De
1145 1116 1371 1188 operis
1405 1115 1561 1170 noui
1594 1113 2039 1170 nuntiatione.
2306 1113 2374 1167 52
2495 1118 2565 1172 48
2884 1116 2951 1169 41
3049 1117 3153 1171 298

338 1252 560 1307 XXIX.
719 1249 837 1303 175.
963 1264 977 1299 :
1012 1245 1113 1300 De
1147 1244 1382 1299 damno
1414 1242 1690 1298 infecte.
2294 1241 2363 1295 53
2495 1246 2563 1299 48
2688 1245 2754 1298 19
3048 1247 3152 1301 299

356 1380 547 1436 XXX.
960 1392 975 1427 ε
1012 1372 1109 1427 De
1138 1388 1311 1442 aqua
1338 1377 1404 1426 et
1430 1387 1642 1442 aquae
1675 1369 1953 1442 pluuiae
1981 1385 2212 1425 arcen-

1134 1449 1275 1503 dae.
2305 1447 2373 1500 53
2493 1449 2562 1503 49
2884 1448 2950 1503 41
3048 1452 3154 1506 300

716 1541 832 1595 176.
960 1555 974 1589 :
1013 1535 1102 1589 De
1127 1550 1290 1605 aqua.
2305 1532 2374 1586 53
2495 1535 2563 1589 49
2883 1533 2952 1587 41
3049 1537 3154 1591 300

716 1619 837 1673 177,
959 1631 974 1665 :
1010 1613 1210 1680 Aquae
1235 1610 1460 1682 pluuiae
1485 1610 1775 1666 arcendae.
2304 1609 2373 1662 53
2496 1611 2564 1665 49
3048 1614 3149 1668 301

328 1748 554 1804 XXXI,
959 1758 974 1793 ε
1012 1738 1109 1795 De
1143 1738 1419 1794 liberali
1456 1754 1674 1793 eausa.
2250 1735 2335 1791 54.
2356 1737 2525 1794 5550.
2547 1740 2612 1793 51
2683 1740 2754 1793 20
2829 1738 3007 1792 4243
3050 1743 3155 1797 304

714 1834 832 1889 178,
960 1843 974 1877 :
1010 1827 1076 1880 Si
1095 1843 1159 1878 ex
1181 1826 1424 1879 seruitute
1449 1825 1501 1877 in
1526 1824 1809 1877 libertatem
1828 1832 2056 1893 petatur.
2304 1822 2373 1874 54
2494 1825 2563 1878 50
2883 1823 2954 1877 43
3050 1829 3154 1883 305

717 1910 832 1964 179,
958 1920 973 1955 ε
1009 1903 1075 1956 Si
1095 1920 1157 1956 ex
1180 1902 1414 1955 libertate
1438 1902 1492 1953 in
1515 1901 1809 1953 seruitutem
1826 1909 2057 1969 petatur.
2304 1900 2373 1952 55
2493 1900 2563 1954 50
2684 1902 2755 1956 20
3048 1904 3152 1957 308

717 1987 833 2042 180,
961 1996 975 2031 ε
1012 1976 1074 2031 Si
1098 1977 1472 2033 controuersia
1496 1976 1618 2044 erit,
1643 1981 1826 2030 utrum
1852 1992 1919 2030 ex
1944 1974 2212 2030 seruitute

1137 2054 1196 2108 in
1230 2054 1543 2109 libertatem
1584 2057 1810 2124 petatur
1840 2068 1915 2106 an
1948 2068 2015 2106 ex
2048 2051 2211 2106 liber·

1132 2136 1250 2186 tate
1274 2131 1332 2185 in
1357 2129 1696 2185 seruitutem.
2303 2130 2373 2183 55
2882 2130 2953 2184 43
3046 2133 3150 2188 309

715 2217 831 2272 181,
960 2228 974 2263 ε
1011 2211 1078 2265 Si
1106 2210 1220 2280 quis
1244 2210 1305 2276 ei,
1342 2208 1428 2260 cui
1460 2208 1595 2260 bona
1623 2208 1730 2278 fide
1760 2206 2034 2270 seruiebat,
2066 2206 2213 2258 ‹lam-

1128 2303 1253 2339 num
1277 2286 1475 2338 ‹ledi-ise
1497 2285 1708 2338 dicetur.
2302 2283 2372 2337 55
3048 2290 3153 2345 310

715 2372 831 2426 182.
959 2381 974 2417 2
1010 2365 1076 2419 Si
1094 2364 1226 2434 quis,
1262 2379 1377 2415 cum
1408 2379 1464 2415 se
1496 2361 1712 2414 liberum
1746 2375 1855 2413 esse
1887 2359 2058 2426 sciret,
2093 2359 2212 2411 dolo

1127 2441 1268 2492 malo
1295 2456 1490 2508 passus
1513 2439 1610 2491 erit
1632 2455 1688 2490 se
1717 2454 1817 2506 pro
1841 2452 1995 2488 seruo
2027 2452 2212 2489 uenum

1130 2518 1262 2570 dari.
2304 2513 2373 2567 55
2495 2515 2561 2568 51
3048 2521 3154 2576 310

306 2653 569 2708 XXXII,
959 2663 973 2697 :
1008 2643 1108 2699 De
1140 2642 1551 2715 publicanis.
2305 2639 2374 2692 55
2494 2638 2564 2693 52
2684 2642 2752 2695 21
3047 2644 3149 2701 311

714 2734 832 2789 183.
959 2749 974 2783 :
1016 2731 1166 2792 Quod
1182 2730 1496 2799 publicanus
1518 2728 1578 2780 ui
1597 2726 1863 2780 ademerit.
2304 2725 2374 2778 55
2495 2725 2563 2779 52
2684 2727 2752 2782 51
3047 2731 3150 2785 311

714 2812 833 2866 184.
959 2826 974 2859 ε
1015 2808 1166 2869 Quod
1181 2806 1495 2875 publicanus
1518 2805 1693 2857 illicite
1715 2802 1955 2871 exeqerit.
3047 2808 3150 2861 312

715 2890 833 2944 185.
961 2902 975 2937 :
1016 2885 1098 2937 De
1120 2883 1474 2951 uectigalibm.
2492 2878 2561 2934 52
2683 2881 2751 2936 21
3047 2884 3152 2940 312

299 3014 587 3069 XXXIII.
715 3010 833 3065 186.
959 3022 973 3057 ε
1013 3004 1110 3058 De
1134 3000 1703 3074 praediatoribus.
1731 3001 1966 3065 (Quanta
1986 3001 2079 3053 dos
2095 3002 2214 3065 siit)
2303 3000 2372 3054 56
2493 3001 2562 3055 53
2682 3003 2749 3056 21
2839 3000 2909 3055 43
2928 2999 2994 3067 (⁸2)
3050 3005 3153 3060 313

302 3142 583 3197 XXXIV,
718 3130 725 3133 ’
960 3151 974 3186 :
1011 3135 1105 3187 De
1148 3133 1213 3185 ui
1252 3132 1439 3185 turba
1480 3131 1775 3184 incendio
1818 3129 2008 3181 ruina
2054 3146 2255 3182 nau--

1129 3211 1351 3279 fraqio
1386 3218 1524 3261 rate
1556 3225 1719 3260 naue
1750 3215 2134 3275 expuqnata.
2303 3206 2373 3260 56
2494 3206 2562 3259 54
2683 3207 2751 3261 21
3048 3208 3153 3264 314

714 3301 831 3356 187.
962 3314 975 3349 t
1015 3298 1098 3349 De
1114 3295 1399 3349 hominibus
1417 3294 1611 3347 coactis
1629 3303 1676 3346 et
1691 3294 1748 3345 ui
1764 3293 2015 3345 bonorum
2037 3299 2212 3360 rapto·

1129 3390 1264 3425 rum.
2303 3370 2373 3424 56
2495 3368 2565 3421 54
2685 3371 2752 3424 21
3048 3372 3153 3427 314

716 3456 834 3511 188.
960 3470 974 3504 =
1010 3449 1101 3505 De
1123 3448 1303 3503 turba.
2305 3446 2374 3500 56
3048 3449 3151 3503 319

714 3534 831 3588 189.
960 3546 973 3580 :
1012 3527 1100 3581 De
1123 3524 1384 3580 incendio
1407 3523 1569 3581 ruina
1590 3521 1885 3592 naufragio
1917 3525 2036 3574 rate
2071 3535 2214 3574 nane

1133 3605 1469 3673 expugnata.
2304 3600 2373 3654 56
2494 3599 2564 3652 54
2685 3601 2751 3655 21
3048 3603 3151 3657 319

321 3732 570 3789 XXXV,
962 3743 975 3777 ε
1015 3722 1113 3778 De
1146 3720 1441 3775 iniuriis.
2253 3720 2321 3773 56
2356 3719 2422 3773 57
2496 3719 2565 3772 55
2684 3720 2753 3774 22
2882 3718 2954 3771 45
3048 3721 3153 3775 320

715 3815 832 3869 190.
961 3829 974 3863 :
1016 3808 1277 3864 Generale
1299 3807 1533 3860 edictam.
2305 3804 2371 3858 57
2493 3804 2562 3857 55
3047 3806 3153 3861 320

716 3893 832 3947 191,
963 3904 976 3939 :
1014 3887 1100 3940 De
1125 3884 1376 3938 conuicio.
2306 3880 2373 3935 57
3048 3884 3151 3936 322

717 3971 835 4026 192,
963 3983 977 4017 τ
1014 3964 1100 4016 De
1123 3962 1441 4028 adtemptata
1462 3956 1729 4027 pudicitia.
2305 3956 2372 4011 57
2493 3957 2564 4011 55
3048 3960 3153 4014 322

718 4048 835 4105 193,
962 4059 975 4094 :
1016 4041 1103 4093 Ne
1126 4039 1250 4109 quid
1271 4035 1574 4102 infamandi
1591 4049 1755 4086 causa
1776 4032 1891 4102 fiat.
2303 4034 2371 4090 57
2496 4035 2564 4088 55
2683 4034 2752 4088 22
3048 4037 3153 4091 323

717 4126 833 4180 194.
965 4136 978 4169 τ
1017 4118 1101 4169 De
1123 4115 1329 4168 iniuriis
1353 4128 1487 4183 quae
1510 4111 1675 4164 seruis
1695 4110 1845 4180 fiunt.
2306 4112 2372 4167 57
2493 4111 2564 4165 55
3048 4116 3152 4169 323

718 4203 834 4256 195,
963 4212 976 4247 ε
1014 4195 1100 4247 De
1122 4192 1309 4245 noxali
1329 4188 1645 4242 iniuriarum
1669 4187 1887 4239 actione.
2306 4189 2373 4244 57
2495 4188 2564 4243 55
2883 4189 2955 4242 45
3049 4192 3152 4247 323

720 4281 835 4337 196,
963 4290 977 4324 :
1013 4273 1080 4325 Si
1097 4270 1160 4335 ei,
1185 4269 1278 4338 qai
1300 4268 1353 4319 in
1371 4265 1588 4319 alterius
1606 4270 1859 4332 potestate
1884 4262 1994 4327 erit,
2021 4261 2215 4313 iniuria

1130 4345 1280 4413 facta
1303 4360 1414 4397 esse
1437 4343 1649 4395 dicetur.
2305 4344 2371 4398 57
3048 4345 3153 4399 324

719 4434 833 4489 197,
963 4443 976 4477 :
1015 4426 1100 4478 De
1124 4422 1389 4476 contrario
1414 4418 1726 4473 iniuriarum
1750 4415 1954 4469 iudicio,
3049 4422 3153 4475 325

308 4560 588 4616 xxxvl,
965 4572 979 4605 :
1016 4551 1170 4620 Qui,
1204 4550 1336 4604 nisi
1369 4551 1763 4617 sequantur,
1797 4543 2145 4597 ducantur.
2305 4551 2375 4605 58
2497 4550 2565 4603 56
2686 4551 2755 4605 22
2885 4550 2955 4604 45
3049 4549 3152 4603 325

720 4647 836 4702 198,
965 4657 979 4691 :
1018 4640 1103 4692 De
1126 4638 1379 4689 iudicatis.
2306 4636 2375 4690 58
2496 4635 2566 4689 56
2684 4637 2753 4690 22
2885 4636 2956 4689 45
3048 4635 3150 4688 327

721 4724 838 4778 199,
965 4733 978 4768 :
1014 4714 1106 4768 De
1130 4711 1397 4768 confessis
1420 4720 1466 4764 et
1492 4707 1787 4775 indefensa.
2306 4712 2374 4767 58
2496 4712 2564 4766 56
2884 4711 2955 4764 45
3048 4711 3151 4765 3⁴29

717 4802 836 4856 200.
966 4811 979 4845 :
1018 4793 1102 4845 De
1124 4792 1201 4844 his
1223 4792 1317 4860 qui
1327 4807 1432 4859 pro
1457 4786 1697 4840 iudicatis
1719 4783 1985 4838 habentur.
2306 4791 2373 4845 59
2883 4788 2955 4843 45
3048 4786 3152 4840 330

292 4920 602 4978 XXXVII.
718 4920 837 4974 201.
969 4939 982 4972 :
1024 4921 1146 4982 Qui
1198 4936 1395 4988 neque
1441 4922 1801 4986 sequantur
1859 4934 2059 4987 neque
2105 4917 2214 4968 du-

1138 5014 1167 5049 c
1179 5013 1213 5050 a
1223 5015 1258 5049 n
1272 5005 1335 5049 tu
1348 5014 1389 5048 r.
2306 4986 2375 5041 59
3048 4984 3147 5040 331

274 5119 616 5176 XXXVIII.
965 5115 1273 5180 :Quibus
1324 5130 1399 5168 ex
1450 5114 1677 5169 causis
1727 5113 1793 5168 in
1842 5110 2215 5184 possessio-

1136 5209 1280 5248 nem
1316 5197 1522 5247 eatur.
2256 5180 2616 5239 59-6157.58
2685 5178 2756 5233 23
2833 5178 2995 5233 45·47
3048 5179 3150 5233 331
