3736 5919
574 406 701 466 “DS

1616 406 1752 462 Tit.
1792 404 2096 463 xxvm.
2189 405 2221 478 ς·

2265 407 2401 462 17-1.

1742 747 1898 817 Tit.
1957 745 2293 817 XXVIII.

1241 981 1268 1046 ς·
1310 980 1423 1031 174.
1498 977 1602 1029 DE
1641 978 1911 1031 ‹iri-nus
1951 978 2135 1033 Nom
2177 977 2789 1044 Μ’ΧΤιΛΊῚυΝΕι).

756 1187 908 1269 Ulp.
949 1187 1113 1260 52²3.
1155 1185 1338 1247 Paul.
1379 1187 1542 1262 48⁵),
1585 1185 1730 1250 Gai.
1771 1187 1851 1250 ad
1891 1187 1989 1250 ed.
2030 1187 2168 1249 urb.
2210 1187 2300 1249 tit.
2341 1187 2417 1250 de
2457 1211 2514 1249 o.
2552 1210 2614 1249 n.
2653 1188 2796 1262 n.⁴),
2836 1184 3076 1249 Julian.
3115 1185 3281 1260 41⁵).

760 1289 910 1373 Ulp.
949 1290 1031 1350 :32
1070 1288 1146 1349 fr.
1192 1289 1220 1349 1
1263 1311 1355 1371 pr.
1396 1288 1456 1351 h.
1497 1303 1568 1351 t.:

930 1393 1074 1454 IIoc
1131 1391 1337 1453 edicto
1395 1391 1806 1474 promittitur,
1863 1403 1962 1467 ut,
2019 1391 2153 1455 siue
2209 1391 2344 1453 iure
2399 1391 2533 1454 siue
2589 1390 2816 1454 iniuria
2869 1413 3027 1474 opus
3081 1391 3286 1464 ficret,
3344 1411 3458 1473 per

929 1493 1392 1556 nuntiationem
1457 1493 1873 1568 inhiberetur,
1948 1494 2175 1557 deinde
2240 1494 2664 1557 remitteretur
2727 1493 3065 1577 prohibitio
3128 1492 3456 1565 hactenuS‚

931 1608 1245 1678 quatenus
1283 1596 1659 1679 prohibendi
1697 1597 1796 1660 ius
1836 1597 1888 1660 is
1925 1597 2035 1679 qui
2075 1597 2423 1660 nuntiasset
2460 1620 2589 1659 non
2627 1596 2967 1675 haim-et“).

762 1698 915 1783 Ulp.
956 1700 1039 1761 532
1078 1697 1154 1760 fr.
1194 1699 1234 1761 5
1271 1699 1308 1776 ξ
1349 1700 1422 1761 11
1465 1699 1524 1762 h.
1564 1713 1638 1762 t.:

934 1801 1005 1865 Si
1054 1801 1195 1884 quis
1242 1801 1412 1864 riuos
1461 1801 1564 1865 uel
1603 1802 1850 1866 cloacas
1891 1802 2043 1865 uelit
2081 1802 2335 1865 reficere
2375 1800 2476 1865 uel
2514 1823 2816 1886 purgare,
2864 1799 3072 1885 operis
3109 1799 3260 1863 noui
3297 1820 3460 1861 nun-

932 1904 1109 1967 tiatio
1149 1953 1163 1967 .
1205 1953 1219 1967 .
1259 1904 1649 1989 prohibetur.

758 2005 913 2091 Ulp.
953 2007 1037 2068 52
1073 2005 1149 2069 fr.
1190 2007 1230 2069 5
1267 2008 1304 2090 ς
1348 2008 1423 2070 12
1462 2007 1522 2070 h.
1562 2021 1634 2071 t.:

930 2108 1274 2173 Praeterea
1328 2109 1708 2194 generaliter
1751 2123 2005 2194 praetor
2058 2123 2266 2174 cetera
2320 2130 2575 2192 quoque
2621 2130 2814 2192 opera
2867 2106 3136 2192 excepit,
3190 2126 3463 2188 quorum

932 2233 1111 2275 mora
1148 2212 1501 2296 periculum
1539 2213 1797 2295 aliquod
1832 2213 2102 2276 allatura
2138 2215 2312 2289 estff).

766 2313 922 2399 Ulp.
962 2315 1046 2376 52
1084 2314 1159 2377 fr.
1198 2315 1240 2377 5
1276 2315 1313 2397 ξ
1358 2315 1433 2377 14
1469 2314 1528 2378 h.
1570 2327 1642 2377 t.:

937 2416 1068 2497 Qui
1125 2439 1285 2501 opus
1340 2440 1578 2480 nouum
1631 2417 1902 2493 nuntiat,
1958 2417 2164 2481 iurare
2219 2416 2409 2481 debet
2461 2438 2589 2478 non
2644 2414 2999 2479 calumniae
3055 2436 3250 2479 causa
3302 2433 3463 2498 opus

934 2542 1177 2583 nouum
1214 2519 1506 2583 nuntiare
1544 2568 1559 2583 .
1597 2519 1718 2583 hoc
1755 2519 2196 2583 iusiurandum
2234 2534 2492 2584 auctore
2530 2529 2816 2604 praetore
2856 2516 3138 2582 defertur
3174 2563 3190 2579 .
3230 2564 3246 2580 .
3288 2564 3303 2579 .
3343 2562 3359 2579 .

770 2620 924 2706 Ulp.
964 2623 1047 2684 52
1085 2622 1158 2684 fr.
1197 2622 1238 2684 5
1274 2621 1312 2705 ξ
1353 2621 1433 2685 15
1471 2621 1530 2684 h.
1572 2635 1645 2685 t.:

938 2722 1069 2804 (Qui
1123 2724 1394 2799 nuntiat,
1449 2747 1708 2789 necesse
1762 2725 1954 2790 habet
2007 2725 2467 2800 demonstrare,
2522 2724 2586 2787 in
2639 2745 2768 2807 quo
2819 2723 2961 2787 loco
3012 2744 3172 2807 opus
3226 2742 3469 2784 nouum

941 2827 1185 2890 nuntiet
1201 2830 1269 2904 ⁸).

770 2926 925 3014 Ulp.
966 2929 1048 2993 522
1085 2927 1162 2993 fr.
1201 2929 1241 2993 5
1278 2929 1314 3015 g
1356 2930 1432 2994 17
1471 2929 1533 2993 h.
1573 2941 1647 2994 t.:

942 3030 1016 3096 Si
1071 3032 1151 3107 is,
1216 3033 1318 3097 cui
1373 3034 1733 3098 nuntiatum
1789 3033 1936 3110 erit,
2003 3057 2083 3097 ex
2137 3033 2344 3119 operis
2397 3032 2551 3096 noui
2611 3031 3008 3096 nuntiatione
3070 3028 3470 3095 satisdederit

939 3134 1454 3218 repromiseritue
1499 3148 1611 3200 aut
1663 3159 1777 3222 per
1823 3159 1971 3201 eum
2015 3159 2141 3199 non
2187 3136 2315 3210 fiet,
2371 3156 2499 3218 quo
2545 3135 2753 3198 minus
2799 3135 2951 3198 boni
2995 3132 3117 3197 uiri
3160 3131 3472 3196 arbitratu

940 3237 1205 3302 satisdet
1249 3239 1747 3323 repromittatue,
1793 3239 2055 3324 perinde
2102 3251 2197 3304 est
2244 3260 2317 3302 ac
2363 3238 2416 3302 si
2452 3237 2658 3324 operis
2705 3237 2855 3302 noui
2891 3235 3203 3301 nuntiatio
3239 3233 3474 3299 omissa

942 3353 1103 3404 esset
1117 3344 1187 3415 Ξ’).

768 3440 923 3526 Ulp.
966 3442 1133 3525 77¹0)
1172 3444 1249 3508 fr.
1293 3446 1323 3507 1
1366 3444 1403 3527 ξ
1440 3444 1479 3508 6
1518 3444 1597 3508 de
1635 3443 1777 3529 stip.
1816 3456 2017 3530 praet.
2056 3443 2184 3524 (46.
2223 3442 2318 3521 5):

943 3591 958 3607 .
999 3593 1013 3608 .
1055 3593 1070 3609 .
1111 3592 1127 3608 .
1167 3546 1245 3610 de
1283 3568 1357 3610 eo
1396 3569 1607 3631 opere,
1646 3547 1817 3630 quod
1862 3546 1927 3609 in
1965 3546 2213 3631 priuato
2261 3544 2502 3611 factum
2538 3544 2677 3621 erit,
2724 3544 3050 3610 satisdatio
3086 3554 3210 3608 est:
3258 3543 3338 3608 de
3376 3564 3474 3617 ee,

941 3648 1113 3728 quod
1166 3648 1234 3711 in
1285 3649 1564 3734 publice,
1618 3697 1859 3714 .....
1907 3649 2015 3732 qui
2062 3669 2178 3713 suo
2233 3647 2488 3713 nomine
2540 3660 2790 3724 canent,
2843 3646 3310 3732 repromittunt,
3365 3644 3477 3730 qui

942 3749 1168 3826 alieno,
1206 3750 1535 3816 satisdant.

670 3968 721 4031 1)
748 3966 818 4019 D.
847 3968 947 4031 (39.
976 3971 1044 4033 1).

667 4044 722 4109 2)
748 4043 837 4098 Fr.
867 4048 914 4109 1,
940 4047 991 4111 3,
1018 4046 1068 4113 5,
1097 4047 1126 4100 7
1152 4046 1204 4100 h.
1232 4053 1268 4100 t.

667 4121 723 4186 3)
748 4120 836 4174 Fr.
863 4122 914 4186 4,
940 4122 974 4175 8
1009 4123 1060 4175 h.
1088 4127 1148 4191 t.,
1186 4121 1252 4177 fr.
1278 4126 1311 4177 5
1345 4125 1414 4177 de
1441 4124 1567 4194 stip.
1595 4129 1772 4194 praet.
1799 4126 1904 4194 (46.
1933 4125 2002 4193 5).

672 4198 725 4261 4)
751 4196 842 4249 Fr.
869 4199 902 4251 9
927 4198 978 4251 h.
1005 4204 1042 4252 t.

670 4274 723 4337 5)
749 4272 838 4325 Fr.
868 4274 918 4341 6,
950 4275 1012 4327 13
1033 4275 1081 4330 h.
1103 4282 1140 4330 t.
1190 4276 1319 4347 vgl.
1347 4270 1606 4347 Biilo'w‚
1632 4278 2003 4334 Prozesseinr.

596 4364 652 4402 u.
679 4348 1177 4419 Prozessvorauss„
1205 4351 1258 4406 S.
1285 4353 1353 4405 32
1378 4371 1428 4407 n.
1456 4356 1502 4408 5.

669 4426 723 4494 6)
771 4426 881 4480 Die
931 4428 1202 4499 Ordnung
1259 4430 1357 4483 des
1417 4431 1795 4502 Ulpianschen
1844 4430 2003 4487 Com·

596 4509 844 4557 mentars
893 4504 1055 4558 hiezu
1104 4506 1319 4559 scheint
1364 4508 1469 4560 mir
1514 4507 1793 4580 folgende.
1874 4510 2005 4563 Ein-

600 4582 843 4653 leitung:
870 4581 935 4635 fr.
966 4585 994 4636 1
1024 4601 1102 4652 pr.
1127 4584 1223 4654 §L
1269 4583 1584 4639 Nuntiatio:
1611 4585 1676 4641 fr.
1699 4590 1727 4641 1
1751 4588 1950 4658 §2-5.
1972 4590 2006 4641 8

598 4659 762 4725 (iiber
786 4660 815 4729 ς’
841 4661 887 4714 6.
918 4660 962 4713 7.
991 4662 1039 4714 9.
1071 4661 1136 4715 10
1160 4679 1200 4714 s,
1229 4667 1380 4730 unt).
1442 4662 1597 4733 Opus
1622 4680 1852 4718 nouum:
1879 4663 1944 4720 fr.
1972 4668 2003 4720 1

598 4736 633 4805 ᾗ
662 4737 879 4791 11-14.
953 4736 1167 4801 Quibus
1202 4754 1268 4791 ex
1302 4740 1483 4793 causis
1518 4739 1618 4795 fiat
1648 4742 1920 4796 nuntiatio
1950 4749 2006 4796 et

600 4830 747 4882 quae
782 4830 1051 4884 personae
1085 4815 1341 4869 nuntient
1373 4817 1682 4887 quibusque
1725 4819 2008 4873 nuntietur

598 4897 660 4945 et
690 4891 749 4943 in
786 4891 985 4961 quibus
1019 4891 1154 4946 loeis
1188 4892 1287 4947 fiat
1322 4894 1621 4949 nuntiatio:
1657 4895 1723 4950 fr.
1751 4899 1780 4951 1
1815 4899 1846 4967 ᾗ
1874 4898 2009 4951 15-

598 4968 722 5036 ult„
757 4968 823 5023 fr.
859 4969 909 5037 3,
942 4971 976 5024 5
1009 4972 1194 5041 pr.—§
1229 4971 1276 5026 7.
1358 4971 1645 5028 Numnehr
1677 4974 1837 5029 sollte
1879 4990 2010 5028 man

598 5044 695 5098 die
738 5045 796 5097 in
843 5045 909 5098 fr.
960 5048 987 5098 1
1034 5047 1065 5117 ξ
1109 5048 1175 5101 15
1222 5049 1622 5118 versprochene
1670 5049 2011 5122 Eriirterung

600 5120 775 5188 „quis
802 5123 1033 5175 effectus
1058 5124 1131 5177 sit
1155 5126 1559 5180 nuntiationis“
1586 5134 1884 5182 erwarten:
1928 5129 2009 5182 sie

601 5196 783 5251 bleibt
814 5214 942 5268 aus,
983 5200 1097 5253 und
1138 5201 1229 5254 ich
1271 5203 1491 5257 moehte
1524 5212 1835 5274 vermuten,
1880 5206 2010 5260 dass

2074 3969 2140 4024 fr.
2170 3972 2198 4023 1
2240 3970 2343 4041 §a
2372 3970 2418 4025 7.
2444 3970 2493 4023 9.
2523 3969 2607 4036 10,
2640 3967 3088 4039 Bemerkungen,
3123 3967 3214 4022 die
3247 3984 3320 4022 an
3354 3968 3475 4023 ihre

2076 4046 2493 4118 gegenwiirtige
2530 4044 2702 4101 Stelle
2736 4046 2891 4099 nicht
2921 4061 3140 4115 passm,
3173 4049 3477 4117 urspriing·

2075 4125 2187 4179 lich
2211 4124 2396 4178 hinter
2420 4124 2484 4178 fr.
2504 4125 2538 4177 5
2558 4124 2588 4193 ξ
2611 4124 2641 4177 7
2660 4123 2896 4177 standen
2920 4123 3035 4177 und
3058 4140 3164 4177 von
3188 4123 3298 4178 den
3317 4122 3477 4178 Com·

2074 4203 2348 4273 pilatoren
2380 4217 2908 4273 vorausgenommen
2942 4201 3183 4256 wurden.
3255 4201 3396 4256 Was
3420 4201 3479 4255 in

2076 4280 2141 4334 fr.
2169 4281 2203 4335 5
2226 4280 2256 4350 ὃ
2282 4280 2456 4334 8--10
2488 4278 2659 4349 folgt,
2694 4278 2924 4333 beziehe
2956 4277 3048 4332 ich
3082 4278 3186 4331 auf
3214 4278 3304 4332 die
3338 4277 3479 4333 Ver-

2073 4357 2339 4427 heissung
2403 4357 2503 4410 der
2565 4355 2878 4409 Remission
2947 4361 3264 4425 „quatenus
3326 4371 3480 4425 pro-

2074 4433 2355 4489 hibendi
2387 4433 2490 4487 ius
2524 4433 2573 4486 is
2607 4432 2704 4501 qui
2737 4432 3045 4486 nuntiasset
3068 4447 3176 4486 non
3200 4432 3477 4487 haberet“

2074 4513 2178 4575 (ius
2210 4510 2545 4581 prohibendi
2576 4510 2676 4563 hat
2707 4509 2863 4564 nicht
2892 4507 3042 4563 bloss
3074 4509 3174 4563 der
3209 4509 3478 4564 Servitut-

2074 4588 2440 4658 bereehtigte‚
2467 4586 2704 4640 sondern
2729 4586 2873 4641 auch
2898 4618 2962 4626 —
2991 4586 3135 4656 „sed
3160 4590 3261 4641 et“
3287 4618 3354 4626 —
3380 4587 3484 4642 der

2075 4665 2439 4736 Eigentiimer
2461 4665 2545 4718 als
2569 4664 2822 4731 solcher).

2145 4742 2444 4813 7>U1p.52
2469 4741 2535 4796 fr.
2561 4742 2853 4812 551213
2877 4741 2929 4797 h.
2955 4747 2992 4795 t.

2145 4822 2198 4886 8)
2232 4818 2548 4885 Rudorff‚
2593 4818 2654 4873 E.
2689 4819 2752 4873 P.
2789 4819 2819 4889 ὃ
2854 4820 2973 4887 176,
3017 4818 3136 4872 halt
3176 4818 3295 4872 dies
3326 4818 3486 4872 nieht

2077 4896 2169 4951 fiir
2198 4896 2589 4951 Edietsinhalt.
2672 4894 3044 4950 commentar:
3080 4895 3212 4967 Ulp.
3247 4895 3315 4950 52
3348 4894 3414 4949 fr.
3448 4895 3485 4950 5

2080 4976 2111 5046 ξ
2137 4976 2218 5029 15.
2248 4975 2315 5028 16
2340 4975 2391 5028 h.
2419 4980 2459 5026 t.

2147 5054 2200 5119 9)
2225 5052 2354 5121 Ulp.
2381 5052 2449 5106 52
2481 5049 2548 5103 fr.
2574 5051 2610 5105 5
2642 5049 2952 5120 §sl—ult„
2987 5049 3055 5104 fr.
3084 5049 3115 5103 7
3146 5049 3203 5104 h.
3238 5055 3276 5105 t.
3345 5048 3481 5120 vgl.

2077 5129 2240 5184 Paul.
2263 5129 2334 5183 48
2358 5127 2423 5184 fr.
2449 5130 2483 5182 8
2509 5128 2539 5199 ᾖ
2562 5128 2700 5182 2-4
2723 5128 2777 5180 h.
2803 5132 2842 5181 t.

2151 5207 2234 5272 10)
2262 5205 2336 5261 So
2360 5204 2432 5259 ist
2456 5210 2595 5260 statt
2616 5205 2745 5276 Ulp.
2774 5204 2841 5258 70
2863 5221 2934 5258 zu
2957 5204 3127 5260 lesen.
