3736 5919
1250 454 1686 516 Uebersicht
1732 453 1853 515 des
1897 454 2168 516 Edicts.
3013 476 3142 522 xvn

2202 640 2209 773 Ι
2243 679 2371 750 Ulp.
2398 636 2572 773 'Paut
2588 642 2596 777 Ι
2622 679 2747 736 Gai.
2778 642 2787 775 Ι
2836 680 2937 736 Iul.

713 821 799 874 23.
938 840 952 875 ε
989 821 1078 876 ΒΘ
1128 839 1221 889 eo,
1278 838 1379 893 per
1426 836 1590 890 quem
1640 820 1849 876 sactum
1899 822 2031 890 erit,
2081 839 2189 892 quo

1106 899 1286 953 minus
1311 899 1435 968 quis
1458 897 1837 953 uadimonium
1860 899 2039 953 sistat.
3052 904 3119 960 67

713 974 797 1028 24.
935 994 948 1029 :
990 977 1184 1039 Quibus
1209 995 1271 1030 est
1294 979 1467 1030 causis
1484 978 1785 1030 uadimonia
1812 977 2186 1045 recuperatori-

1105 1055 1197 1107 bus
1219 1056 1499 1124 suppositis
1518 1056 1667 1126 fiant.
3053 1061 3122 1116 68

346 1165 502 1222 VIII.
933 1191 946 1226 ε
984 1173 1081 1228 ΒΘ
1116 1172 1589 1246 cognitoribus
1622 1178 1689 1227 et
1720 1168 2184 1243 procuratori-

1102 1250 1224 1304 bus
1259 1257 1323 1305 et
1358 1249 1854 1305 defensoribus.
2240 1248 2372 1302 8-10
2446 1249 2551 1304 8.9
2670 1248 2706 1303 3
2868 1248 2905 1303 3
3053 1252 3122 1308 70

709 1332 794 1386 25.
931 1354 945 1388 :
988 1337 1091 1397 Qui
1110 1355 1175 1390 ne
1198 1338 1320 1389 dent
1342 1340 1673 1406 monitorem.
2290 1334 2325 1388 8
2481 1335 2516 1389 8
2670 1333 2706 1388 3
3053 1338 3121 1395 73

709 1409 794 1462 26.
931 1433 945 1467 :
987 1416 1089 1475 Qui
1110 1433 1173 1467 ne
1195 1416 1382 1466 dentur
1405 1416 1709 1482 coquitores.
2291 1410 2325 1464 8
2670 1410 2706 1463 3
3053 1414 3122 1470 74

708 1487 793 1540 27.
929 1509 943 1542 :
980 1492 1065 1543 De
1089 1493 1351 1560 coquitur-e
1375 1493 1447 1545 ad
1468 1493 1605 1544 litem
1635 1491 2017 1559 suscipiemlam
2042 1491 2179 1543 dato.
2289 1488 2324 1541 8
2479 1490 2515 1543 8
2669 1485 2705 1539 3
3053 1491 3118 1546 77

706 1563 793 1617 28.
927 1585 943 1619 :
981 1569 1066 1621 De
1090 1570 1353 1636 coquitore
1377 1569 1666 1620 abdicando
1690 1570 1774 1621 uel
1796 1567 2060 1620 mutando.
2290 1565 2324 1617 9
2479 1565 2514 1620 8
2668 1563 2704 1616 3
3052 1568 3117 1621 77

708 1641 792 1694 29.
928 1662 941 1696 :
988 1646 1057 1696 L't
1083 1647 1255 1697 alieno
1280 1647 1483 1698 nomine
1500 1646 1611 1699 sine
1632 1646 1884 1698 mandatu
1903 1660 2058 1713 aqere
2075 1660 2181 1695 non

1098 1723 1268 1775 liceat.
2288 1719 2322 1773 9
2477 1720 2511 1774 9
2666 1718 2702 1771 3
3051 1721 3119 1776 78

707 1793 790 1846 30.
928 1817 942 1850 :
984 1799 1178 1860 Quibus
1233 1799 1406 1852 alieno
1455 1801 1685 1863 nomine,
1738 1800 1854 1850 item
1903 1814 2005 1866 per
2045 1798 2181 1851 alios

1098 1893 1253 1942 ayere
1276 1894 1382 1927 non
1407 1877 1574 1931 liceat.
2288 1874 2322 1928 9
2478 1874 2512 1928 9
3052 1876 3118 1930 79

707 1946 792 2000 31.
928 1969 941 2002 :
985 1953 1177 2012 Quibus
1201 1953 1513 2020 municipum
1538 1952 1744 2004 nomine
1767 1968 1923 2019 aqere
1945 1952 2110 2004 liceat.
2288 1952 2321 2005 9
2478 1949 2512 2002 9
3048 1953 3119 2007 80

707 2020 791 2074 32·
929 2046 942 2080 :
981 2030 1065 2081 De
1084 2027 1399 2094 defendendo
1419 2045 1495 2091 eo,
1526 2028 1670 2079 cuius
1688 2028 1895 2079 nomine
1911 2029 2028 2096 quis
2046 2036 2178 2095 ayn,

1100 2115 1146 2157 et
1172 2107 1233 2157 de
1256 2104 1577 2156 satisdando.
2288 2105 2321 2157 9
2477 2103 2511 2157 9
2666 2098 2702 2152 3
2866 2102 2902 2155 3
3048 2107 3114 2161 81

708 2176 793 2228 33·
929 2200 942 2234 :
985 2183 1136 2243 Quod
1157 2183 1409 2234 aduersus
1434 2181 1718 2249 municipes
1742 2188 1951 2247 ayatur.
2275 2181 2342 2234 10
2666 2175 2701 2229 3
3049 2182 3114 2236 81

707 2252 792 2304 34·
929 2277 942 2310 :
980 2258 1142 2323 Quod
1162 2256 1555 2326 cuiuscumque
1573 2256 1950 2311 uniuersitatis
1963 2256 2180 2311 nomine

1098 2334 1188 2390 uel
1214 2339 1407 2389 contra
1430 2349 1553 2388 eam
1578 2338 1793 2406 agatur.
2275 2335 2340 2388 10
2478 2333 2511 2385 9
2667 2329 2702 2382 3
3049 2335 3118 2389 82

707 2407 793 2461 35·
928 2430 942 2465 ε
977 2411 1068 2467 ΒΘ
1093 2410 1332 2483 negotiis
1356 2410 1548 2484 gestis.
2273 2413 2341 2466 10
2477 2410 2510 2462 9
2666 2404 2702 2459 3
2867 2406 2903 2459 3
3047 2412 3118 2467 83

368 2521 472 2575 ΙΧ.
636 2526 859 2582 36-38-
927 2550 941 2584 :
978 2530 1077 2585 De
1113 2529 1737 2586 calumniatoribus.
2271 2530 2340 2585 10
2463 2529 2530 2582 10
2665 2522 2702 2578 4
3049 2530 3118 2585 86

384 2641 456 2697 X·
924 2669 939 2704 ε
977 2650 1075 2705 ΒΘ
1108 2650 1175 2704 in
1208 2650 1545 2721 integrum
1568 2648 2142 2705 restitutionibus.
2220 2651 2379 2706 11·13
2408 2648 2580 2703 11.12
2664 2642 2701 2698 4
2865 2644 2902 2700 4
3049 2650 3119 2706 90

704 2732 789 2786 39.
926 2755 939 2789 :
977 2736 1139 2801 Quod
1163 2741 1342 2791 metus
1368 2752 1537 2790 causa
1559 2740 1778 2807 gestum
1803 2734 1925 2789 erit.
2270 2738 2335 2791 11
2462 2736 2526 2788 11
2664 2727 2701 2783 4
2865 2729 2902 2785 4
3048 2734 3119 2791 90

703 2808 788 2863 40.
924 2832 937 2866 :
973 2813 1065 2867 ΒΘ
1091 2812 1219 2868 dolo
1242 2812 1404 2867 male.
2271 2813 2334 2868 11
2458 2810 2523 2864 11
2663 2806 2700 2862 4
2864 2806 2901 2862 4
3048 2813 3117 2867 92

704 2886 789 2940 41.
925 2908 939 2942 :
974 2889 1065 2944 ΒΘ
1090 2889 1395 2944 minoribus
1418 2887 1590 2945 XXV
1615 2886 1789 2944 annis.
2269 2890 2333 2944 11
2460 2886 2523 2940 11
2663 2883 2700 2937 4
2864 2882 2901 2938 4
3047 2889 3117 2945 93

702 2964 788 3016 42.
925 2986 938 3020 :
974 2967 1066 3022 ΒΘ
1091 2967 1275 3038 capite
1300 2966 1541 3021 minutis.
2269 2968 2335 3022 12
2459 2964 2524 3019 11
2662 2959 2699 3016 4
3046 2966 3117 3024 94

700 3041 786 3096 43.
923 3063 938 3097 ε
973 3044 1057 3099 Ex
1090 3043 1291 3114 quibus
1333 3042 1515 3098 causis
1547 3042 1783 3097 maiores
1814 3042 1985 3099 XXV
2019 3041 2178 3097 annis

1094 3121 1153 3174 in
1177 3120 1453 3192 integrum
1478 3119 1858 3174 restituuntur.
2268 3120 2336 3174 12
2459 3117 2525 3172 12
2662 3114 2699 3170 4
2863 3115 2900 3171 4
3044 3121 3113 3177 96

702 3195 789 3248 44.
923 3216 938 3250 :
976 3197 1137 3263 Quod
1178 3196 1319 3252 falso
1359 3202 1540 3251 tutore
1582 3201 1807 3252 auctore
1848 3201 2070 3269 gestum
2109 3195 2177 3264 (⁸2)

1096 3290 1216 3329 esse
1243 3274 1475 3329 dicatur.
2268 3275 2334 3327 12
2459 3271 2526 3325 12
2663 3269 2700 3323 4
3029 3275 3113 3329 -99

702 3349 788 3402 45.
922 3370 936 3404 z
972 3351 1002 3404 ⁴?
1106 3351 1135 3405 ⁸?
2268 3352 2336 3405 13
2458 3348 2525 3402 12
2662 3345 2699 3399 4
3013 3351 3115 3407 100

701 3426 786 3479 46.
922 3447 936 3481 :
972 3428 1063 3483 ΒΘ
1105 3428 1440 3483 alienatione
1482 3427 1674 3482 iudicii
1714 3428 1966 3483 mutandi
2007 3443 2176 3483 causa

1090 3503 1256 3559 facta.
2265 3506 2333 3560 13
2456 3501 2523 3555 12
2661 3500 2698 3554 4
3011 3506 3109 3561 101

702 3579 787 3633 47.
923 3600 936 3634 :
975 3583 1061 3635 De
1086 3583 1397 3635 restitutione
1420 3583 1694 3636 heredum?
2266 3582 2332 3636 13
2457 3577 2524 3631 12
3012 3582 3112 3637 102

368 3692 470 3747 XI·
922 3719 936 3753 z
974 3700 1072 3754 De
1104 3700 1419 3771 receptis.
2217 3701 2385 3756 13.14
2457 3697 2523 3750 13
2661 3695 2697 3750 5
2859 3696 2896 3752 4
3012 3701 3112 3756 103

702 3786 787 3841 48.
923 3805 937 3838 :
974 3785 1085 3850 Qui
1103 3785 1393 3840 arbitrium
1410 3785 1741 3857 receperint,
1764 3790 1828 3839 ut
1844 3784 2174 3839 sententiam

1095 3862 1304 3916 dicant.
2267 3863 2333 3917 13
2458 3859 2523 3913 13
2661 3857 2696 3910 5
2858 3858 2895 3914 4
3011 3860 3112 3915 103

701 3941 786 3995 49.
923 3958 936 3992 :
974 3938 1195 3994 Nautae
1222 3954 1500 4010 caupones
1533 3937 1823 3993 stabularii
1855 3942 1918 3992 ut
1949 3943 2176 4009 recepta

1093 4015 1405 4071 restituant.
2267 4015 2334 4070 14
2456 4013 2523 4066 13
2660 4011 2695 4064 5
3010 4014 3112 4070 104

702 4095 787 4148 50.
923 4111 937 4146 :
975 4094 1321 4163 Arqentariae
1343 4110 1553 4146 mensae
1577 4092 1886 4145 exercitores
1909 4093 2049 4162 quod
2069 4108 2174 4162 pro

1093 4173 1199 4224 alio
1223 4172 1362 4224 solui
1383 4170 1665 4238 receperint
1688 4177 1744 4222 ut
1767 4171 1990 4223 soluant.
2266 4171 2333 4223 14
2455 4166 2521 4220 13
2659 4166 2694 4220 5
3009 4168 3112 4224 104

352 4290 485 4345 XIl·
703 4301 787 4354 51.
923 4316 936 4350 :
974 4300 1071 4352 De
1099 4299 1495 4352 satisdando.
2265 4297 2333 4353 14
2456 4295 2523 4350 14
2660 4294 2696 4349 5
3009 4297 3111 4354 105

342 4417 503 4472 XIII·
702 4429 786 4482 52.
923 4444 936 4478 :
979 4426 1213 4488 Quibus
1247 4427 1463 4479 causis
1496 4427 1974 4494 praeiudicium
2013 4427 2177 4495 fieri

1092 4521 1213 4555 non
1247 4512 1513 4572 oportet.
2265 4503 2332 4558 14
2403 4501 2484 4556 15.
2508 4501 2574 4555 16
3008 4501 3111 4556 110

340 4614 501 4669 XIV·
923 4639 936 4674 :
972 4620 1071 4675 ΒΘ
1104 4620 1386 4675 iudiciis
1419 4623 1720 4676 omnibus.
2209 4624 2295 4678 22.
2315 4623 2387 4677 23
2409 4621 2488 4674 17.
2508 4621 2575 4675 18
2626 4619 2731 4674 5.6
2789 4620 2961 4689 8(·?).9
3008 4621 3109 4675 113

702 4704 787 4758 53.
921 4725 936 4760 :
971 4706 1063 4761 ΒΘ
1086 4705 1612 4778 interrogationibus
1633 4708 1690 4762 in
1714 4708 1833 4764 iure
1856 4709 2146 4766 faciendis.
2261 4710 2332 4765 22
2455 4706 2521 4760 17
3007 4705 3109 4760 113

703 4780 790 4835 54.
923 4802 937 4837 :
973 4782 1065 4837 ΒΘ
1090 4783 1458 4839 iureiurando.
2262 4785 2333 4840 22
2457 4784 2523 4838 18
2660 4781 2696 4836 5
2857 4781 2892 4836 9
3006 4782 3108 4836 116

702 4858 786 4912 55.
922 4878 936 4913 :
974 4862 1041 4914 Si
1083 4879 1199 4914 cum
1238 4880 1297 4915 eo
1348 4872 1565 4931 noctur,
1617 4865 1709 4934 qm·
1743 4866 1994 4920 incestum
2044 4883 2171 4936 pro·

1095 4940 1305 4992 miserit.
2263 4940 2332 4996 22
2456 4937 2522 4991 18
3005 4935 3107 4990 118

701 5013 786 5067 56.
922 5033 935 5067 :
974 5017 1041 5070 In
1098 5017 1261 5070 bonae
1312 5017 1441 5084 fidei
1493 5017 1696 5071 iudiciis
1750 5019 2173 5089 quemadmodum

1084 5094 1480 5162 praescribatur
1503 5092 1589 5160 ('?).
2263 5093 2335 5148 23
2455 5089 2522 5144 18
2812 5087 2849 5145 8
2867 5086 2935 5155 (7)
3006 5088 3103 5142 121

702 5165 787 5220 57.
921 5187 935 5223 :
972 5170 1038 5223 Si
1058 5171 1305 5223 uacet-tum
1331 5172 1636 5225 condicatur
1658 5171 1743 5240 (‘?).
2814 5164 2849 5218 8
2868 5163 2935 5230 (ῗ)
3006 5163 3104 5218 121

700 5245 786 5299 58.
923 5265 937 5299 ε
972 5244 1063 5301 ΒΘ
1087 5245 1377 5301 noxalibus
1404 5247 1733 5304 actionibus.
2264 5246 2336 5300 23
2457 5240 2524 5295 18
2660 5240 2695 5295 6
2857 5240 2892 5294 9
3009 5240 3108 5295 124

348 5346 551 5397 Lenel,
582 5348 676 5389 Das
693 5350 907 5392 Edictum
925 5351 1217 5402 Perpetuam.
2640 5324 2691 5379 B
