3736 5919
1430 419 1569 478 Tit.
1607 419 1782 479 xlv.
1872 417 1906 495 ς
1944 420 2043 477 56.
2083 419 2182 478 57.
3124 415 3247 480 121

508 582 651 654 §56.
725 581 822 636 IN
845 582 1115 635 BONAE
1145 582 1369 637 FIDEI
1397 583 1435 635 Ι
1440 583 1736 638 L'DICIIS
1774 585 2278 647 QUEMADMOD
2291 584 2413 636 m!
2438 583 3109 638 PRAESCRIBATL'R?

543 729 699 816 Ulp.
735 731 819 795 23
834 733 902 809 ¹),
938 729 1125 794 Paul.
1165 731 1327 813 182),
1363 731 1610 797 Julian.
1649 733 1749 813 8³)
1763 734 1860 814 (Ρ).

543 833 671 899 Die
706 831 1029 910 Einsicht,
1067 832 1214 898 dass
1250 834 1352 898 die
1390 834 1555 900 eben
1591 834 2031 901 betrachtcten
2070 835 2372 900 Formeln
2408 834 2546 900 ihre
2585 832 2883 919 Stellung
2927 833 3016 898 im
3054 833 3247 898 Edict

368 936 486 1001 der
528 935 942 1022 praescriptio
997 936 1232 1013 „cuius
1285 938 1377 1002 rei
1423 937 1559 1003 dies
1605 936 1780 1003 fuit“
1835 937 2237 1015 verdanken‚
2288 939 2422 1023 legt
2476 937 2599 1002 den
2649 935 3012 1001 Gedanken
3057 936 3245 1012 nahe,

367 1038 538 1102 auch
584 1038 750 1104 noch
796 1038 897 1103 die
942 1038 1212 1124 iibrigen
1266 1040 1794 1126 praescriptiones
1849 1063 1964 1127 pro
2019 1053 2232 1107 actore
2286 1040 2351 1104 in
2397 1040 2633 1104 diesem
2683 1039 3250 1124 Zusammenhang

372 1140 486 1206 des
540 1140 764 1207 Edicts
816 1164 901 1206 zu
955 1142 1226 1218 suchen,
1282 1141 1416 1207 und
1462 1143 1636 1208 diesc
1684 1146 2097 1229 Vermutung
2140 1143 2299 1209 wird
2345 1142 2547 1207 durch
2596 1141 2698 1206 die
2741 1141 2807 1206 in
2850 1165 2914 1205 11.
2955 1142 2989 1204 1
3037 1141 3170 1205 und
3208 1142 3249 1205 2

371 1243 799 1329 angefiihrten
837 1242 1113 1320 Stellen‚
1161 1244 1265 1310 die
1301 1246 1663 1311 s'ammtlich
1701 1269 1826 1311 von
1866 1247 2073 1312 bonae
2108 1246 2259 1312 fidei
2294 1245 2532 1310 iudicia
2567 1244 2875 1320 handeln,
2922 1244 3246 1329 bestatigt.

372 1345 466 1411 Es
503 1353 748 1433 geniigt
783 1346 929 1423 fast,
967 1346 1160 1412 deren
1199 1348 1525 1412 lVortlaut
1562 1348 1783 1415 hicher
1817 1373 1901 1414 zu
1938 1361 2173 1415 setzen.

547 1447 701 1536 Ulp.
740 1449 824 1515 23
860 1449 939 1514 fr.
976 1450 1060 1515 43
1100 1450 1310 1515 mand.
1351 1451 1480 1529 (17.
1524 1453 1616 1533 1):

720 1552 853 1634 Qui
905 1553 1278 1618 mandatum
1332 1555 1639 1640 suscepit,
1692 1566 1763 1619 ut
1807 1556 2111 1641 pecunias
2156 1555 2223 1619 in
2267 1554 2437 1620 diem
2484 1553 2848 1630 collocaret,
2902 1553 3085 1637 isque
3128 1552 3251 1616 hoc

719 1654 968 1732 fecerit,
1021 1657 1308 1721 mandati
1344 1657 1820 1722 conueniendus
1857 1671 1982 1733 est,
2018 1669 2089 1722 ut
2127 1680 2272 1722 cum
2310 1657 2609 1723 dilatione
2649 1656 2950 1742 temporis
2989 1654 3255 1721 actioni·

718 1757 839 1822 bus
877 1758 1082 1823 cedat.

546 1858 701 1945 Ulp.
739 1860 824 1925 23
859 1861 938 1924 fr.
978 1861 1017 1925 8
1055 1860 1135 1926 de
1172 1861 1337 1927 adm.
1378 1862 1508 1939 (26.
1550 1862 1643 1943 7):

729 1961 803 2029 Si
839 1964 1078 2029 tutelae
1115 1975 1267 2049 agat
1300 1965 1384 2041 is,
1441 1964 1622 2028 cuius
1668 1964 1868 2028 tutela
1914 1963 2355 2029 administrata
2392 1975 2515 2042 est,
2569 1963 2911 2029 dicendum
2960 1975 3055 2029 est
3098 1985 3260 2027 non-

718 2088 1074 2149 numquam
1145 2067 1314 2131 diem
1386 2067 1664 2132 creditae
1734 2066 2045 2151 pecuniae
2118 2066 2643 2152 exspectandam,
2725 2067 2779 2131 si
2849 2067 3012 2130 forte
3084 2076 3257 2129 tutor

718 2169 1023 2253 pecunias
1052 2168 1391 2235 crediderit
1417 2169 1642 2256 pnpilli
1676 2168 1954 2245 nomine,
1993 2190 2265 2252 quarum
2301 2168 2759 2253 exigendarum
2796 2167 2932 2233 dies
2967 2167 3257 2232 nondum

720 2270 917 2337 uenit.
991 2294 1145 2337 sane
1181 2272 1360 2357 quod
1394 2273 1477 2336 ad
1511 2272 1818 2358 pecunias
1854 2258 2101 2347 attinet,
2138 2271 2226 2335 ita
2262 2270 2517 2336 demum
2557 2293 2782 2336 uerum
2813 2281 2928 2347 est,
2967 2270 3021 2334 si
3047 2268 3256 2355 potuit

722 2384 784 2438 et
821 2373 1042 2440 debuit
1078 2376 1364 2441 credere:
1404 2386 1687 2441 ceterum
1724 2375 1777 2439 si
1813 2395 1944 2438 non
1981 2374 2174 2439 debet
2208 2373 2487 2450 credere,
2525 2396 2653 2438 non
2692 2372 3183 2458 exspectabitur.

374 2473 582 2541 Beide
637 2474 885 2543 Stellen
938 2477 1214 2543 handeln
1268 2500 1398 2543 von
1452 2478 1567 2543 der
1609 2478 1851 2563 Frage,
1907 2477 2147 2543 welche
2190 2477 2649 2563 praestationes
2696 2476 2809 2541 des
2858 2474 3252 2540 Schuldners

374 2577 782 2658 (Mandatars
819 2580 952 2644 und
987 2581 1251 2663 Tutors)
1306 2581 1401 2646 als
1446 2593 1842 2666 praesentes,
1897 2580 2138 2646 welche
2185 2581 2277 2645 als
2332 2579 2586 2645 futurae
2640 2577 3006 2643 anzusehen
3060 2576 3254 2652 scien,

375 2678 440 2742 d.
480 2679 543 2745 h.
582 2681 756 2748 einer
792 2680 1057 2748 Grund-
1090 2684 1224 2749 und
1260 2684 1671 2770 Hauptfrage
1708 2684 1823 2749 der
1855 2681 2563 2769 Praescriptionslehre,
2601 2681 2732 2767 vgl.
2773 2680 2918 2746 Gai.
2947 2680 3066 2746 IV.
3111 2679 3252 2743 131.

550 2783 706 2870 Ulp.
745 2786 830 2851 23
866 2786 944 2851 fr.
982 2788 1066 2851 33
1102 2786 1183 2852 de
1221 2787 1305 2850 A.
1344 2785 1423 2851 Ε.
1462 2787 1545 2853 V.
1583 2788 1712 2865 (19.
1755 2788 1847 2869 l):

724 2887 813 2953 Et
849 2890 902 2954 si
938 2912 1066 2954 uno
1103 2890 1307 2975 pretio
1343 2890 1559 2976 plures
1595 2912 1696 2954 res
1734 2900 1985 2975 emptae
2022 2888 2167 2965 sint,
2207 2887 2288 2953 de
2324 2886 2593 2975 singulis
2631 2909 2713 2952 ex
2748 2897 2963 2972 empto
3000 2894 3063 2951 et
3097 2906 3257 2949 uen-

724 2991 856 3057 dito
894 2993 999 3077 agi
1035 3004 1263 3078 potest.

375 3089 472 3155 Es
510 3091 770 3158 handelt
808 3095 941 3159 sich
978 3095 1116 3160 hier
1151 3095 1396 3171 darum,
1434 3094 1546 3170 ob,
1583 3116 1715 3159 wer
1749 3094 2039 3160 mehrere
2078 3092 2334 3159 Sachen
2370 3115 2741 3158 zusammen
2777 3115 2891 3178 ge·
2927 3090 3082 3157 oder
3116 3112 3260 3156 ver-

377 3192 568 3259 kauft
611 3195 723 3260 hat
764 3197 900 3261 und
942 3220 1064 3261 nur
1105 3220 1332 3282 wegen
1387 3197 1562 3263 einer
1605 3196 1841 3281 klagen
1886 3197 2043 3272 will,
2097 3195 2271 3262 einer
2312 3195 2789 3281 Praescription
2835 3194 3069 3260 bedarf
3104 3193 3260 3258 oder

375 3295 485 3362 die
522 3296 977 3364 demonstratio
1013 3300 1132 3364 auf
1161 3301 1303 3366 eine
1342 3299 1778 3365 beschranken
1814 3298 2009 3363 kann.

554 3398 742 3465 Paul.
784 3402 863 3467 18
902 3402 979 3466 fr.
1016 3402 1102 3467 20
1137 3402 1357 3488 depos.
1396 3402 1525 3482 (16.
1562 3403 1658 3484 3):

731 3501 807 3570 Si
842 3505 977 3569 sine
1024 3504 1170 3568 dolo
1215 3505 1385 3569 malo
1431 3527 1566 3569 rem
1612 3503 1966 3588 depositam
2016 3502 2129 3567 tibi
2176 3502 2491 3579 amiseris,
2544 3524 2664 3567 nec
2708 3499 2980 3586 depositi
3025 3497 3256 3563 teneris

726 3627 847 3671 nec
884 3627 1113 3672 cauere
1149 3606 1367 3684 debes,
1413 3607 1467 3671 si
1503 3605 1996 3691 deprehenderis
2033 3627 2175 3671 eam
2211 3604 2421 3669 reddi:
2468 3604 2522 3668 si
2557 3615 2774 3668 tamen
2809 3601 2893 3666 ad
2927 3611 2991 3666 te
3025 3600 3256 3665 iterum

727 3710 1111 3792 peruenerit,
1150 3707 1417 3795 depositi
1454 3708 1707 3775 teneris.

379 3806 560 3873 Dem
604 3808 898 3875 Juristen
934 3811 1042 3896 lag
1083 3810 1222 3877 hier
1265 3811 1368 3876 die
1402 3812 1616 3896 Frage
1662 3833 1804 3888 vor,
1859 3810 1943 3874 ob
1988 3809 2102 3874 mit
2146 3809 2321 3875 einer
2364 3807 2778 3894 praescriptio
2826 3805 2955 3884 ,,Ε.
2993 3828 3043 3869 r.
3083 3828 3139 3869 a.
3178 3803 3260 3869 de

375 3910 682 3977 cautione
716 3913 1150 3998 praestanda“
1187 3914 1342 3978 oder
1375 3913 1735 3998 iiberhaupt
1773 3911 1941 3976 noch
1977 3935 2095 3997 gar
2128 3910 2301 3976 nicht
2337 3910 2602 3996 geklagt
2637 3908 2894 3975 werden
2928 3907 3160 3973 kiinne.

560 4012 744 4078 Nach
800 4015 1071 4080 alledem
1116 4015 1286 4081 halte
1329 4016 1433 4081 ich
1479 4039 1547 4082 es
1594 4014 1697 4079 fiir
1742 4014 1891 4079 sehr
1934 4012 2480 4090 wahrscheinlich,
2537 4012 2683 4077 dass
2736 4012 2825 4075 im
2869 4009 3061 4075 Edict
3118 4008 3258 4075 eine

377 4114 640 4179 Rubrik
676 4115 789 4181 des
826 4117 890 4180 in
928 4116 1042 4181 der
1076 4116 1522 4183 Ueberschrift
1559 4118 1768 4183 dieses
1802 4117 1842 4202 ᾖ
1878 4117 2338 4203 angegebenen
2377 4116 2622 4181 Inhalts
2660 4115 2876 4180 stand:
2930 4113 3008 4178 In
3055 4114 3260 4177 bonae

375 4216 536 4283 fidei
572 4218 823 4284 iudiciis
858 4219 1396 4303 quemadmodum
1431 4220 1920 4306 praescribatur.

1175 4439 1320 4508 §52
1391 4442 1474 4495 SI
1502 4440 1921 4495 INCERTUM
1954 4438 2486 4494 CONDICATUR?

683 4557 698 4573 .
897 4563 919 4599 4
982 4560 1011 4605 ⁴>

559 4557 1061 4726 ²{illimlliaibge)fiir
1113 4660 1215 4727 die
1250 4661 1596 4729 Annahme
1650 4663 1874 4749 obiger
1916 4661 2168 4728 Rubrik
2222 4685 2305 4726 an
2359 4661 2565 4728 dieser
2620 4660 2819 4728 Stelle
2872 4659 2984 4725 des
3038 4656 3261 4722 Edicts

377 4761 580 4827 keine
615 4761 999 4848 geniigende
1044 4768 1300 4829 &iussere
1336 4764 1859 4851 Beglaubigung.
1948 4765 2145 4832 Denn
2190 4764 2303 4829 das
2348 4764 2413 4828 in
2459 4787 2520 4828 n.
2563 4765 2594 4828 1
2645 4760 3025 4848 angefiihrte
3059 4760 3267 4845 Frag-

375 4905 575 4977 legen.
657 4903 807 4958 Dass
839 4921 938 4957 zur
972 4904 1097 4959 Zeit
1130 4905 1227 4960 des
1259 4905 1546 4977 Rescripta
1579 4911 1650 4966 (8.
1676 4907 1799 4973 290)
1938 4910 1990 4976 1)
2014 4908 2104 4962 Fr.
2136 4906 2207 4961 43
2238 4906 2421 4962 mand.
2455 4907 2558 4972 (17.
2586 4908 2652 4972 1),
2696 4904 2762 4959 fr.
2797 4903 2867 4956 33
2900 4902 2971 4957 de
3002 4902 3072 4957 A.
3107 4902 3170 4956 E.
3198 4900 3272 4958 V.

378 4979 1260 5054 Condemnationsanweisungen
1331 4999 1453 5037 cum
1518 4984 1798 5038 taxatione
1868 4985 1970 5048 (19.
2000 4986 2071 5052 1),
2097 4984 2162 5039 fr.
2188 4984 2223 5037 8
2247 4984 2317 5038 de
2342 4984 2484 5037 adm.
2516 4988 2615 5036 tut.
2643 4982 2745 5050 (26.
2774 4982 2842 5048 7).

375 5058 548 5115 nieht
594 5057 755 5112 mehr
800 5058 994 5112 hatten
1040 5058 1395 5114 vorkommen
1450 5060 1672 5115 kiinnen
1719 5066 1799 5127 (so
1936 5062 1992 5126 2)
2016 5060 2105 5115 Fr.
2131 5061 2201 5115 20
2225 5061 2416 5130 depos.
2442 5060 2543 5124 (16.
2569 5059 2638 5124 3).

375 5134 601 5190 wieder
633 5133 886 5202 Hefke,
920 5151 969 5188 a.
994 5150 1043 5189 8.
1071 5135 1138 5190 Ο.
1172 5134 1226 5190 S.
1251 5137 1357 5206 29),
1391 5136 1465 5191 ist
1497 5156 1566 5193 m.
1591 5136 1654 5192 E.
1682 5143 1798 5191 ent·
1938 5139 1992 5202 3)
2018 5135 2123 5191 Cit.
2150 5137 2215 5190 fr.
2241 5136 2278 5191 4
2301 5136 2371 5190 de
2394 5135 2629 5190 rescind.
2655 5134 2819 5188 uend.
2846 5133 2949 5198 (18.
2976 5135 3045 5201 5).

372 5210 658 5267 schieden
682 5228 754 5265 zu
776 5209 886 5265 viel
911 5210 1236 5283 behauptet.
1936 5213 1992 5280 4)
2016 5211 2106 5268 Fr.
2131 5213 2166 5268 3
2190 5213 2261 5267 de
2286 5213 2442 5268 cond.
2469 5212 2588 5268 sinc
2612 5227 2782 5268 causa
2805 5211 2909 5280 (12.
2935 5211 3005 5280 7).
