3736 5919
1415 407 1555 468 Tit.
1592 407 1835 469 xvm.
1926 408 1961 485 ᾗ
2001 412 2140 471 101.
3088 414 3221 482 203

1543 716 1700 789 Tit.
1756 715 2025 790 XVIII.

439 894 691 975 QUOD
748 895 941 962 CUM
984 897 1119 961 MA
1130 896 1466 965 GJSTRO
1516 900 1649 965 NA
1661 900 1829 976 ms,
1886 901 2050 967 JNS
2058 902 2402 968 TJTORE
2453 905 2739 984 EOUE,
2800 906 2967 987 QUI
3010 907 3131 972 IN

536 1016 907 1081 ALJENA
949 1016 1069 1082 Po
1081 1017 1371 1083 TESTA
1385 1020 1504 1083 TE
1547 1019 1745 1094 EST,
1793 1019 2306 1087 NEGOTIUM
2348 1021 2731 1089 GESTUM
2767 1027 3020 1092 ERIT.

507 1202 668 1290 Ulp.
705 1206 810 1270 28.
849 1205 955 1283 29,
991 1206 1178 1271 Paul.
1216 1206 1320 1272 29.
1360 1210 1463 1284 30,
1502 1205 1649 1273 Gai.
1690 1210 1751 1286 9,
1787 1208 2032 1276 Julian.
2074 1211 2175 1275 11.
2216 1211 2315 1275 12.

1089 1503 1121 1574 §
1149 1503 1265 1558 101.
1338 1503 1444 1557 DE
1479 1502 2011 1561 EXERCITORIA
2042 1505 2455 1576 ACTIONE1).

501 1667 655 1753 Ulp.
696 1667 866 1747 282),
900 1667 1088 1733 Paul.
1125 1669 1291 1747 29³),
1330 1667 1479 1735 Gai.
1519 1670 1641 1750 9⁴).

505 1768 651 1835 Gai.
688 1770 791 1836 IV
826 1770 1001 1853 71⁵):

675 1920 691 1937 .
732 1921 748 1937 .
790 1920 807 1937 .
849 1925 862 1939 .
902 1873 1277 1939 exercitoria
1310 1875 1519 1939 locum
1558 1875 1772 1952 habet,
1809 1898 1955 1940 eum
1992 1890 2174 1963 pater
2209 1878 2588 1945 dominusne
2622 1879 2824 1945 filium
2861 1903 3209 1949 seruumue

672 1975 1049 2061 magistrum
1083 1979 1240 2040 naui
1271 1978 1731 2062 praeposuerit,
1770 1991 1832 2044 et
1860 1979 2017 2063 quid
2044 2001 2190 2044 eum
2227 2002 2303 2046 eo
2340 1980 2476 2046 eius
2510 1982 2604 2047 rei
2638 1984 2844 2068 gratia
2880 1984 2983 2049 oui
3020 2008 3207 2071 prae·

669 2079 913 2163 positus
948 2078 1160 2155 fuerit,
1208 2077 1595 2165 [negotium]
1643 2093 1896 2165 gestum
1942 2082 2060 2147 erit
2096 2130 2113 2146 .
2151 2105 2299 2148 eum
2343 2083 2511 2148 enim
2556 2107 2633 2150 ea
2676 2106 2931 2171 quoque
2976 2110 3076 2153 res
3122 2112 3205 2153 ex

668 2182 999 2247 uoluntate
1034 2181 1231 2267 patris
1266 2181 1590 2248 dominiue
1625 2184 1915 2249 contrahi
1950 2185 2263 2261 uideatur,
2309 2186 2762 2270 aequissimum
2805 2210 2945 2254 esse
2988 2189 3203 2255 uisum

669 2297 768 2349 est
819 2284 886 2348 in
938 2284 1212 2349 solidum
1266 2286 1570 2349 actionem
1621 2285 1786 2351 dari:
1850 2286 2008 2372 quin
2069 2289 2260 2354 etiam
2312 2288 2461 2354 lieet
2510 2301 2885 2356 extraneum
2938 2292 3205 2377 quisque

669 2386 1046 2472 magistrum
1099 2389 1255 2453 naui
1306 2389 1763 2474 praeposuerit,
1818 2389 1957 2456 siue
2012 2413 2269 2456 seruum
2323 2390 2459 2457 siue
2507 2391 2802 2469 liberum,
2855 2404 3070 2460 tamen
3123 2418 3202 2461 ea

666 2488 986 2574 praetoria
1021 2489 1185 2554 aetio
1221 2491 1287 2554 in
1326 2512 1472 2556 eum
1509 2491 1815 2557 redditur.

320 2589 464 2655 Das
498 2589 694 2655 Ediet
730 2592 810 2657 de
846 2592 1221 2658 exercitoria
1247 2593 1496 2659 actione
1530 2593 1684 2658 lasst
1710 2593 1847 2659 sioh
1884 2618 2001 2660 aus
2028 2593 2303 2681 Ulpiana
2332 2593 2750 2662 Commentar
2783 2598 2901 2663 mit
2926 2599 3204 2687 volliger

323 2691 684 2759 Sieherheit
727 2695 1216 2761 reconstruiren.
1313 2695 1377 2760 N
1379 2694 1498 2762 ach
1545 2693 1773 2762 Gaius'
1817 2697 2081 2763 Berieht
2126 2697 2237 2763 hat
2279 2721 2347 2764 es
2392 2699 2517 2764 den
2560 2699 2923 2778 Ansohein,
2971 2702 3065 2767 als
3110 2703 3198 2767 ob

319 2796 438 2861 wir
479 2797 638 2862 zwei
685 2793 991 2862 Clauseln
1035 2796 1478 2864 anzunehmen
1521 2797 1760 2875 hatten,
1816 2799 2011 2865 deren
2057 2813 2221 2867 erate
2266 2801 2391 2867 den
2433 2801 2578 2867 Fall
2621 2802 2874 2880 vorsah,
2927 2826 3028 2869 wo
3082 2805 3203 2871 der

317 2898 624 2986 magister
658 2899 843 2966 nauis
878 2900 942 2965 in
980 2900 1094 2967 der
1130 2898 1386 2968 Gewalt
1422 2900 1535 2967 des
1572 2901 1886 2968 exercitor
1921 2903 2129 2981 stand,
2162 2903 2468 2970 wahrend
2504 2904 2608 2971 die
2642 2906 2865 2973 zweite
2910 2906 3044 2973 sich
3083 2908 3204 2974 auf

321 3000 669 3068 Contraete
704 3002 820 3068 mit
857 3003 1066 3069 einem
1102 3026 1219 3069 aus
1257 3003 1372 3069 der
1408 3003 1571 3069 Zahl
1617 3005 1731 3071 der
1775 3007 2060 3072 extranei
2103 3029 2569 3093 genommenen
2614 3010 2921 3096 magister
2964 3010 3192 3099 bezog.

316 3105 630 3172 Indessen
673 3128 807 3170 war
849 3105 955 3171 fiir
997 3106 1137 3172 eine
1182 3106 1398 3173 solohe
1443 3107 1872 3193 Zweiteilung
1913 3108 2065 3175 kein
2115 3109 2368 3176 innerer
2412 3108 2674 3188 Grund‚
2730 3112 2822 3178 eie
2873 3112 3072 3180 findet
3125 3115 3190 3179 in

315 3207 594 3295 Ulpians
641 3207 1055 3274 Commentar
1096 3208 1284 3275 keine
1329 3210 1760 3297 Bestiitigung
1812 3211 1945 3275 und
1989 3212 2093 3278 die
2137 3212 2783 3300 Darstellungsweise
2826 3214 2940 3281 des
2987 3215 3191 3282 Gaius

315 3310 553 3378 erklart
588 3310 723 3378 sich
761 3310 907 3376 sehr
942 3310 1195 3377 einfaeh
1231 3334 1347 3376 aus
1384 3312 1528 3378 dem
1568 3314 2154 3402 Zueammenhang,
2199 3316 2264 3380 in
2310 3316 2457 3382 dem
2492 3339 2562 3382 er
2596 3317 2699 3383 die
2744 3318 2910 3384 aetio
2947 3321 3191 3385 exerci-

312 3414 478 3479 toria
519 3414 812 3480 beriihrt:
867 3437 936 3480 er
979 3415 1241 3480 handelt
1275 3415 1377 3481 IV
1412 3417 1496 3481 69
1532 3438 1627 3501 sq.
1673 3439 1801 3482 von
1845 3418 1970 3483 den
2005 3419 2267 3504 Klagen
2312 3441 2427 3484 aus
2472 3419 2597 3484 den
2636 3419 3031 3486 Gesohflften
3075 3421 3196 3487 der

316 3514 1088 3583 Gewaltunterworfenen
1123 3519 1256 3583 und
1291 3519 1529 3586 konnte
1564 3520 1698 3585 also
1735 3521 1839 3586 die
1873 3521 2130 3588 weitere
2165 3520 2621 3608 Ausdehnung
2655 3522 2769 3589 der
2804 3524 2971 3588 aetio
3008 3547 3191 3590 exer-

314 3619 539 3685 citoria
573 3643 695 3684 nur
730 3619 1216 3705 anhangsweise
1253 3622 1614 3688 erwiihnen.

483 3722 563 3787 In
616 3721 893 3808 Ulpians
950 3720 1366 3790 Commentar
1409 3725 1625 3791 finden
1688 3725 1803 3790 wir
1862 3724 2173 3792 zuniichst
2227 3726 2340 3792 der
2392 3725 2596 3793 Reihe
2658 3727 2823 3793 nach
2886 3728 3191 3815 folgende

310 3824 543 3891 Worte
581 3825 909 3890 erlflutert:

653 3927 1002 4013 Magister:
1050 3927 1128 3992 fr.
1172 3929 1203 3991 1
1245 3928 1284 4014 ξ
1323 3929 1491 3994 1-5
1527 3929 1589 3994 h.
1627 3942 1672 3994 t.

651 4031 885 4095 Nauis:
932 4030 1010 4095 fr.
1052 4032 1083 4094 1
1125 4030 1164 4114 ξ
1200 4032 1241 4095 6
1276 4031 1339 4096 h.
1377 4044 1422 4097 t.

654 4130 929 4197 Gestum
966 4132 1104 4198 eius
1139 4134 1233 4198 rei
1257 4135 1534 4212 nomine,
1573 4136 1677 4201 oui
1702 4136 1795 4199 ibi
1820 4135 2221 4221 praepositus
2246 4134 2466 4225 fuerit:
2503 4135 2581 4201 fr.
2615 4138 2646 4200 1
2678 4137 2717 4222 ἓ
2744 4138 2958 4203 7—14
2986 4138 3048 4204 h.
3075 4150 3120 4204 t.
3133 4142 3190 4219 ⁶)

650 4235 730 4300 In
776 4257 946 4312 eum,
1001 4235 1112 4319 qui
1163 4260 1396 4303 nauem
1451 4237 1805 4304 exercuerit
1850 4237 2032 4319 (oder
2085 4237 2398 4323 fihnlieh):
2453 4238 2531 4303 fr.
2581 4241 2612 4304 1
2663 4240 2702 4324 ᾗ
2750 4240 3001 4306 15-18
3049 4243 3184 4329 vgl.

652 4342 687 4418 ἓ
728 4338 808 4403 19
845 4338 908 4402 h.
947 4349 992 4403 t.

303 4439 605 4506 Hienaeh
640 4440 816 4506 kann
854 4442 969 4507 das
1004 4440 1199 4507 Ediet
1232 4441 1429 4507 kaurn
1467 4442 1697 4507 andere
1735 4443 1829 4508 als
1865 4465 1940 4509 eo
1975 4444 2258 4530 gelantet
2293 4444 2532 4509 haben:

375 4669 427 4737 1)
449 4669 525 4722 D.
551 4670 657 4731 (14.
686 4671 757 4740 1),
783 4668 846 4724 C.
873 4671 941 4738 (4.
967 4670 1073 4739 25).
1844 4673 1900 4738 5)
1927 4672 2056 4744 vgl.
2085 4673 2116 4743 ἓ
2138 4672 2172 4726 2
2197 4673 2242 4727 Ι.
2270 4674 2418 4743 quod
2443 4689 2568 4728 eum
2593 4689 2659 4727 eo
2683 4673 2752 4741 (4.
2780 4673 2848 4740 7).

370 4746 425 4815 2)
447 4746 539 4802 Fr.
567 4749 618 4817 1,
642 4749 678 4802 4
700 4748 753 4805 h.
778 4754 818 4802 t.
890 4747 984 4802 Fr.
1010 4749 1045 4801 4
1068 4747 1142 4802 ist
1165 4747 1459 4803 falsehlieh
1483 4748 1615 4820 Ulp.
1640 4749 1709 4803 29
1846 4751 1900 4816 6)
1924 4749 2016 4803 Fr.
2046 4751 2076 4803 1
2104 4752 2136 4821 ξ
2160 4750 2191 4803 7
2217 4749 2339 4804 cit.:
2382 4750 2510 4805 Non
2534 4754 2720 4805 autem
2746 4765 2813 4803 ex
2836 4749 2983 4802 omni
3009 4765 3182 4803 eausa

303 4822 605 4879 inscribirt.
1775 4833 2001 4898 praetor
2019 4827 2116 4882 dat
2139 4827 2196 4882 in
2217 4827 2578 4883 exercitorem
2595 4825 2887 4894 actionem,
2907 4826 3005 4881 sed
3032 4826 3140 4880 eiu
3152 4846 3184 4880 s

370 4902 425 4969 3)
447 4901 542 4955 Fr.
568 4902 622 4972 3,
646 4903 681 4957 5
711 4902 767 4956 b.
792 4907 856 4968 t.‚
890 4902 957 4957 sr.
986 4903 1052 4958 16
1078 4902 1148 4957 de
1172 4902 1345 4958 instit.
1372 4909 1480 4958 aet.
1507 4904 1612 4971 (14.
1635 4904 1705 4971 3).
1776 4904 1876 4958 rei
1900 4904 2187 4974 nomine,
2213 4905 2403 4959 euius
2426 4909 2549 4967 (scr.
2569 4903 2679 4970 eui)
2703 4901 2800 4957 ibi
2822 4904 3177 4974 praeposi-

299 4978 435 5051 Vgl.
461 4979 606 5034 auch
631 4978 792 5034 Paul.
820 4981 853 5034 6
885 4980 1041 5035 breu.
1077 4980 1145 5034 fr.
1172 4982 1206 5034 6
1229 4982 1284 5034 h.
1310 4986 1351 5035 t.
1421 4981 1516 5035 Fr.
1546 4980 1612 5035 16
1638 4981 1707 5035 de
1776 4984 1884 5035 tus
1908 4980 2135 5037 fuerit.
2207 4981 2300 5035 Fr.
2331 4983 2360 5035 1
2386 4981 2417 5052 §
2441 4983 2501 5036 8:
2527 4998 2599 5035 an
2624 4978 2769 5035 eius
2792 4978 2889 5034 rei
2914 4980 3179 5035 nomine

297 5056 473 5110 instit.
510 5061 618 5111 aet.
656 5057 873 5112 enthiilt
905 5058 1029 5113 eine
1064 5059 1164 5113 der
1191 5056 1470 5130 Analogie
1511 5057 1711 5113 halber
1777 5057 2098 5112 uideatur
2119 5063 2397 5131 gestum.
2446 5057 2536 5112 Fr.
2564 5059 2597 5112 1
2624 5057 2765 5128 §13z
2791 5058 3180 5129 quodcumque

296 5134 593 5206 gemachte
619 5133 674 5189 N
677 5134 1186 5208 ebenbemerkung.
1774 5152 1899 5190 eum
1917 5152 2026 5190 uno
2051 5152 2131 5207 ge
2143 5140 2314 5190 atum
2332 5135 2454 5191 erit.
2495 5135 2624 5207 Vgl.
2645 5133 2788 5190 auch
2804 5133 2870 5188 fr.
2896 5135 2927 5189 7
2950 5152 3034 5206 pr.
3056 5135 3110 5189 h.
3132 5143 3176 5197 t,

367 5211 424 5279 4)
446 5210 540 5265 Fr.
566 5212 601 5265 2
626 5210 681 5264 h.
708 5217 747 5266 t.
1771 5212 1963 5268 Ueber
1985 5213 2337 5285 praepositus
2361 5231 2404 5267 s.
2432 5211 2734 5267 besonders
2759 5211 2825 5267 fr.
2854 5214 2884 5266 1
2912 5213 2942 5285 ξ
2967 5213 3034 5267 12
3056 5213 3111 5268 h.
3134 5219 3178 5268 t.
