3736 5919
534 388 665 453 454

535 556 697 621 Quod
721 554 779 609 ui
804 559 901 608 aut
926 553 1068 607 clam
1092 553 1210 606 387.

535 635 781 699 Quorum
805 632 1073 686 bonorum
1096 632 1214 684 361.

537 712 781 775 Quorum
805 714 1138 764 testamenta
1162 724 1232 762 ne
1257 705 1577 777 aperiantur
1600 705 1718 759 292.

537 933 749 997 Ratam
774 958 887 995 rem
913 939 1107 994 haberi
1130 939 1215 993 81.
1242 938 1362 991 423.

537 1018 867 1074 Rationibus
893 1014 1266 1070 distrahendis
1290 1015 1408 1069 256.

539 1100 609 1152 de
635 1096 825 1150 Rebus
851 1093 1076 1149 creditis
1101 1094 1186 1147 30.
1215 1092 1330 1145 184.

538 1172 863 1243 Recepticia
886 1173 1033 1225 actio
1060 1171 1176 1224 104.

539 1250 848 1319 Receptum
873 1246 1092 1302 arbitrii
1118 1246 1233 1300 103.

677 1357 748 1367 —
875 1323 1316 1396 argentariorum
1341 1321 1458 1375 104.

872 1408 1163 1457 nautarum
1189 1405 1291 1454 etc.
1320 1400 1437 1454 104.

540 1480 977 1551 Recuperatoria
1000 1476 1209 1532 iudicia
1230 1478 1313 1530 20.
1341 1477 1426 1531 56.
1451 1475 1568 1530 272.
1594 1476 1711 1529 361.

542 1559 611 1612 de
637 1559 721 1613 Re
745 1559 993 1612 iudicata
1017 1556 1135 1609 353.

540 1634 928 1690 Redhibitoria
952 1632 1098 1687 actio
1121 1631 1241 1685 436.

542 1712 646 1766 Rei
670 1712 950 1765 iudicatae
976 1710 1065 1763 uel
1089 1708 1147 1762 in
1171 1706 1337 1761 iudic.
1364 1705 1487 1761 ded.
1516 1705 1767 1777 exceptio
1789 1705 1909 1760 403.

540 1789 646 1842 Rei
670 1786 975 1842 uindicatio
1002 1785 1116 1839 145.

543 1865 647 1919 Rei
684 1864 907 1918 uxoriae
933 1862 1078 1917 actio
1102 1861 1221 1914 242.

545 1943 614 1995 de
640 1939 941 2011 Religiosis
968 1939 1083 1994 179.
1112 1938 1161 1990 6.

544 2017 686 2071 Rem
710 2016 909 2088 pupilli
935 2016 1147 2070 saluam
1171 2014 1289 2069 fore
1313 2015 1431 2070 253.
1457 2013 1577 2069 422.

543 2094 613 2148 de
638 2092 1077 2148 Remissionibus
1102 2092 1219 2146 388.

544 2171 798 2225 Remotio
820 2169 1018 2224 tutoris
1043 2168 1286 2240 suspecti
1309 2169 1429 2223 255.

543 2246 902 2301 Renuntiatio
928 2263 986 2300 se
1013 2245 1245 2300 solidum
1279 2247 1492 2301 soluere
1525 2261 1633 2299 non
1667 2260 1829 2317 posse
1862 2243 1946 2299 63.

543 2400 750 2454 Rerum
776 2405 1081 2454 amotarum
1105 2400 1225 2455 245.

543 2477 656 2531 Res
681 2477 938 2548 publicae
964 2476 1305 2543 (Interdicte)
1329 2475 1448 2530 367.

577 2588 648 2596 -
681 2556 975 2627 religiosae
1000 2555 1048 2609 6.
1071 2553 1185 2607 179.
1211 2553 1330 2607 365.

578 2663 648 2673 -
683 2647 873 2686 sacrae
898 2633 1016 2685 365.

577 2739 648 2749 -
683 2714 910 2763 sanetae
935 2708 1053 2762 366.

544 2785 827 2839 Restituas
853 2791 1151 2853 antequam
1177 2799 1243 2837 ex
1266 2782 1386 2837 iure
1413 2797 1575 2839 exeas
1599 2782 1715 2837 357.

545 2861 883 2916 Restitution
907 2863 975 2915 90
1000 2860 1117 2931 fgg.

545 2938 913 2993 Retentionen
937 2936 1028 2991 bei
1054 2950 1125 2991 ao
1149 2935 1230 2991 rei
1254 2936 1478 2992 uxoriae
1502 2936 1606 2991 242
1630 2936 1866 3006 (Noten).

545 3014 849 3070 Reuocatio
874 3015 933 3068 in
957 3015 1184 3085 duplum
1209 3015 1327 3068 355.

547 3092 617 3145 de
642 3092 791 3162 Ripa
814 3090 1155 3158 (Interdicte)
1178 3092 1297 3145 368.

429 3185 435 3192 ·
546 3170 616 3223 de
640 3168 799 3222 Riuis
824 3167 1164 3234 (Interdicte)
1183 3169 1300 3222 385.

546 3245 832 3301 Rutiliana
856 3244 1003 3300 actio
1028 3245 1148 3298 344.

547 3460 883 3529 Saluianum
906 3475 1264 3529 interdictum
1286 3476 1404 3530 392.

550 3553 618 3606 de
646 3551 982 3606 Satisdando
1009 3553 1126 3606 105.

549 3628 852 3684 Satisdatio
876 3629 1178 3683 secundum
1203 3629 1539 3700 mancipium
1561 3629 1680 3685 428.

550 3705 961 3760 Satisdationen
987 3723 1028 3760 s.
1055 3703 1269 3760 Cautio,

551 3781 888 3836 Schuldhaft
911 3783 1030 3836 327.

546 3859 857 3914 Sectorium
881 3859 1238 3914 interdictum
1261 3861 1380 3916 365.

550 3936 892 3991 Secundaria
913 3936 1213 3992 interdicta
1235 3938 1388 3992 3605.
1416 3939 1533 3995 380.

549 4014 1095 4070 Senatusconsultum
1121 4014 1585 4071 Macedonianum
1608 4016 1728 4071 218.

751 4088 754 4091 ’
1120 4091 1465 4148 Silanianum
1487 4093 1607 4147 292.

1116 4169 1535 4225 Trebellianum
1560 4172 1677 4226 143.

1118 4245 1485 4302 Uellaeanum
1509 4248 1630 4303 229.

548 4322 619 4376 de
645 4320 1104 4392 Separationibus
1128 4322 1245 4376 349.

548 4400 619 4455 de
646 4398 954 4470 Sepulchro
979 4397 1330 4453 aedificando
1353 4400 1472 4455 366.

548 4478 617 4531 de
644 4476 950 4548 Sepulchro
974 4476 1181 4531 uiolato
1208 4476 1324 4531 181.

550 4552 937 4624 Sequestraria
960 4553 1107 4608 actio
1130 4554 1246 4609 231.
1368 4562 1372 4566 ⁴

550 4630 822 4687 Seruiana
845 4645 916 4686 ao
943 4631 1042 4686 des
1065 4631 1334 4688 bonorum
1359 4639 1576 4706 emptor
1598 4633 1716 4689 349.

550 4707 821 4763 Seruiana
875 4709 989 4763 und
1044 4710 1206 4780 quasi
1254 4710 1410 4767 Seru.
1469 4726 1541 4767 ao
1597 4712 1696 4766 des
1741 4710 1952 4766 Psand-

755 4786 1081 4858 gliiubigers
1103 4788 1221 4843 395.

550 4861 1005 4935 Servitutklagen
1032 4865 1149 4919 148.
1179 4866 1295 4920 151.
1324 4866 1442 4920 301.

550 4939 620 4993 de
647 4939 821 4996 Seruo
845 4947 1104 5012 corrupto
1130 4942 1247 4996 134.

549 5015 611 5070 Si
635 5033 669 5070 a
692 5022 926 5088 parente
950 5018 1074 5089 quis
1100 5019 1466 5074 manumissus
1490 5021 1565 5076 sit
1585 5021 1703 5077 282.

552 5091 612 5147 Si
636 5110 777 5165 ager
799 5094 1097 5166 uectigalis
1120 5101 1345 5167 petatur
1370 5098 1487 5153 146.

549 5167 610 5223 Si
637 5175 850 5226 certum
873 5177 1098 5243 petetur
1122 5175 1239 5228 184.

1796 386 2150 464 Register.

2008 548 2068 603 Si
2093 544 2467 603 controuersia
2508 545 2638 614 erit,
2679 550 2864 600 utrum
2904 561 2970 600 ex
3003 545 3272 601 seruitute
3305 552 3416 601 etc.

2010 703 2069 758 Si
2126 702 2217 757 cui
2270 702 2425 772 plus,
2482 717 2648 770 quam
2704 716 2808 771 per
2862 701 3044 773 legem
3100 700 3418 756 Falcidiam

2217 778 2453 846 licuerit,
2481 784 2586 833 etc.
2623 778 2742 833 419.

2012 857 2072 913 Si
2120 874 2186 913 ex
2228 855 2411 910 noxali
2460 871 2629 910 causa
2675 860 2902 927 agatur,
2951 855 3419 925 quemadmodum

2219 938 2487 988 caueatur
2508 933 2591 989 66.

2014 1011 2075 1067 Si
2100 1010 2314 1066 familia
2338 1010 2542 1064 furtum
2569 1010 2770 1065 fecisse
2794 1010 3015 1065 dicetur
3035 1011 3156 1065 267.

2013 1089 2073 1146 Si
2096 1089 2373 1161 ingenuus
2398 1104 2518 1142 esse
2544 1087 2761 1141 dicetur
2783 1088 2900 1143 271.

2015 1166 2077 1222 Si
2098 1165 2163 1236 is,
2190 1167 2288 1235 qui
2309 1171 2641 1220 testamento
2660 1164 2805 1220 liber
2824 1182 2944 1220 esse
2962 1165 3144 1220 iussus
3163 1166 3285 1234 erit,
3313 1170 3420 1221 etc.

2015 1320 2076 1376 Si
2099 1336 2317 1376 mensor
2341 1319 2541 1374 falsum
2565 1319 2789 1373 modum
2813 1319 3014 1374 dixerit
3039 1320 3155 1374 172.

2016 1398 2075 1454 Si
2099 1399 2300 1453 mulier
2321 1396 2532 1452 uentris
2556 1395 2777 1451 nomine
2802 1401 2907 1451 etc.
2932 1397 3052 1452 251.

2017 1475 2078 1531 Si
2103 1492 2232 1546 pars
2257 1473 2584 1530 hereditatis
2608 1478 2830 1544 petatur
2854 1474 2972 1528 140.

2017 1554 2076 1608 Si
2103 1554 2420 1623 quadrupes
2445 1551 2771 1622 pauperiem
2797 1550 3000 1606 fecisse
3026 1552 3242 1607 dicetur
3267 1553 3382 1607 154.

2018 1630 2077 1686 Si
2121 1630 2256 1699 quid
2298 1633 2491 1684 contra
2535 1628 2718 1700 legem
2765 1635 3062 1684 senatusue
3110 1630 3423 1685 consultum

2223 1707 2433 1761 factum
2459 1720 2580 1759 esse
2607 1706 2824 1760 dicetur
2846 1706 2967 1760 406.

2019 1786 2076 1841 Si
2104 1785 2241 1855 quid
2263 1783 2322 1837 in
2347 1783 2600 1838 fraudem
2623 1783 2845 1853 patroni
2867 1782 3078 1838 factum
3102 1784 3175 1838 sit
3196 1785 3317 1840 280.

2019 1862 2078 1918 Si
2105 1862 2229 1932 quis
2254 1862 2496 1931 aliquem
2519 1861 2714 1915 testari
2738 1861 3086 1931 prohibuerit
3110 1867 3216 1917 etc.
3242 1863 3361 1918 288.
3415 1875 3428 1884 ·

2017 1940 2078 1995 Si
2102 1940 2226 2010 quis
2249 1939 2315 1993 in·
2331 1939 2417 1992 ius
2439 1944 2669 1993 uocatus
2692 1955 2802 1993 non
2825 1938 2954 1993 ierit
2975 1939 3060 1993 42.

2017 2017 2077 2073 Si
2101 2017 2228 2088 quis
2251 2016 2335 2070 ius
2361 2015 2570 2069 dicenti
2594 2031 2703 2069 non
2727 2015 3200 2086 obtemperauerit
3222 2018 3306 2071 41.

2017 2094 2077 2150 Si
2102 2094 2227 2164 quis
2252 2093 2458 2147 omissa
2481 2108 2652 2147 causa
2674 2093 2995 2147 testamenti
3020 2098 3128 2148 etc.
3154 2094 3274 2149 291.

2018 2171 2078 2227 Si
2103 2170 2229 2240 quis
2253 2168 2583 2224 uadimoniis
2607 2186 2712 2224 non
2739 2170 3212 2240 obtemperauerit
3233 2172 3354 2227 400.

2019 2248 2081 2305 Si
2105 2249 2348 2303 seruitus
2372 2246 2688 2301 uindicetur
2713 2248 2830 2302 151.

2020 2326 2078 2380 Si
2103 2325 2330 2381 tabulae
2353 2324 2673 2379 testamenti
2700 2325 2969 2379 extabunt
2991 2326 3111 2380 272.

2020 2403 2079 2459 Si
2104 2403 2330 2457 tabulae
2355 2401 2676 2456 testamenti
2700 2402 2885 2456 nullae
2912 2402 3180 2457 extabunt
3201 2403 3320 2458 283.

2019 2480 2079 2537 Si
2104 2479 2314 2534 uentris
2339 2479 2559 2532 nomine
2583 2478 2814 2532 muliere
2841 2484 2947 2533 etc.
2972 2480 3090 2535 250.

2021 2557 2082 2613 Si
2105 2575 2234 2611 usus
2260 2556 2473 2610 fructus
2497 2560 2723 2625 petatur
2748 2556 2863 2610 148.

2020 2634 2267 2690 Societat
2289 2634 2407 2688 236.

2020 2712 2275 2782 Spatium
2299 2709 2650 2765 deliberandi
2674 2710 2792 2764 335.

2020 2787 2355 2860 Sponsiones
2379 2788 2454 2841 im
2479 2788 2713 2842 Prozess
2738 2788 2853 2842 112.
2882 2788 3277 2846 138.145.150.
3300 2791 3426 2860 1883

2224 2865 2314 2919 bei
2340 2864 2683 2919 Interdicten
2706 2864 2826 2919 359.
2853 2865 2982 2934 3783
3016 2866 3218 2922 tertiae
3249 2869 3427 2938 partis

2228 2942 2354 3008 1883
2391 2941 2655 2996 dimidiae
2681 2940 2856 3012 partis
2880 2943 2996 2998 197.

2022 3021 2211 3076 Status
2236 3020 2612 3075 controuersia
2634 3019 2754 3073 304.

2022 3098 2485 3169 Stellvertretung
2510 3097 2579 3152 70
2602 3096 2722 3168 fgg.
2750 3097 2853 3152 325
2877 3096 2994 3171 fgg.

2022 3175 2320 3246 Stipulatio
2345 3193 2389 3228 s.
2420 3173 2636 3228 Cautio.

2020 3252 2320 3324 Stipulatio
2346 3252 2550 3322 duplae
2573 3252 2694 3305 424.
2720 3251 2838 3306 441.
2864 3252 2987 3306 445.

2021 3329 2322 3400 Stipulatio
2348 3328 2659 3383 fructuaria
2682 3328 2803 3382 378.

2022 3406 2423 3478 Stipulationes
2447 3405 2762 3477 praetoriae
2786 3405 2872 3460 37.
2898 3406 3018 3461 407.

2024 3483 2325 3555 Stipulatu,
2351 3483 2499 3538 actio
2524 3499 2591 3537 ex
2617 3484 2736 3537 118.

2024 3561 2435 3618 successorium
2460 3560 2704 3615 edictum
2727 3561 2843 3614 289.

2025 3640 2096 3694 de
2123 3638 2447 3710 Sumptibus
2471 3638 2727 3692 funerum
2752 3639 2869 3692 182.

1951 3727 1959 3736 ·
2026 3716 2096 3771 de
2123 3714 2536 3787 Superficiebus
2560 3716 2677 3770 383.

2027 3794 2095 3847 de
2123 3792 2409 3863 Suspectis
2433 3792 2707 3847 tutoribus
2730 3792 2821 3847 uel
2846 3797 3018 3846 curat.
3044 3793 3162 3848 255.

2027 3868 2331 3940 Suspectus
2357 3870 2520 3924 heres
2543 3870 2663 3923 338.

2027 3945 2244 4017 System
2272 3948 2372 4001 der
2397 3946 2935 4000 Edictcommentare
2959 3947 2994 3999 5
3018 3944 3138 4018 fgg.

2110 4055 2177 4064 —
2273 4025 2372 4078 des
2396 4023 2588 4077 Edicto
2613 4024 2680 4077 12
2704 4023 2835 4095 fgg.
2853 4023 2921 4078 23
2946 4022 3066 4094 fgg.

2025 4243 2328 4308 Tabernae
2351 4253 2652 4307 instructae
2676 4252 3026 4322 praepositus
3048 4253 3170 4308 205.

2021 4330 2278 4386 Tabulae
2334 4327 2654 4383 testamenti
2709 4343 2820 4381 non
2875 4327 3056 4382 minus
3101 4344 3272 4398 quam
3319 4329 3432 4385 VII

2227 4406 2450 4462 testium
2476 4404 2651 4477 signis
2675 4403 2930 4475 signatae
2953 4404 3072 4461 272.
3100 4405 3222 4459 277.

2022 4486 2093 4540 de
2118 4484 2353 4539 Tabulis
2378 4481 2705 4538 exhibendis
2729 4481 2850 4536 364.

2023 4561 2418 4632 Tauscbklage
2441 4560 2561 4614 238.

2023 4639 2260 4694 Taxatio
2329 4636 2801 4693 condemnationis
2871 4635 3048 4692 10416.
3122 4636 3241 4692 120.
3313 4636 3434 4693 321.

2229 4715 2458 4786 speziell
2482 4715 2575 4769 bei
2599 4713 2746 4768 actio
2771 4711 2904 4767 furti
2929 4713 3050 4768 263.

2024 4793 2507 4864 Teilungsklagen
2534 4791 2650 4847 162.

2025 4870 2374 4926 Testamenti
2398 4869 2570 4924 factio
2592 4869 2710 4922 278.

2025 4949 2096 5002 de
2122 4947 2501 5002 Testamentis
2525 4946 2644 5001 289.

2025 5024 2675 5094 Testamentsertiffnung
2692 5023 2812 5079 290.

2025 5103 2447 5157 Testamentum
2468 5099 2662 5155 militis
2684 5101 2803 5155 283.

2025 5178 2197 5250 Tigni
2221 5177 2451 5233 immissi
2473 5176 2718 5234 habendi
2744 5178 2826 5232 ius
2855 5177 2970 5232 153.
