3736 5919
536 433 662 474 1111
1521 412 1955 473 Uebersioht
1998 413 2120 473 des
2162 412 2433 473 Edicta.

2482 599 2488 730 ⁴
2523 637 2652 707 Ulp.
2679 595 2876 730 'Pauk'
2900 634 3028 690 Grai.
3058 597 3065 731 Ι
3113 636 3217 690 Iul.
3291 649 3416 691 Sesto

968 781 1087 835 202.
1215 801 1229 835 :
1272 784 1374 844 Qui
1394 784 1649 836 iudicatus
1669 800 1834 852 proue
1858 785 2084 835 iudicato
2108 784 2220 836 erit.
2893 783 2959 836 57
2979 782 3045 848 (?)
3297 784 3400 838 332

968 858 1087 912 203.
1218 877 1232 911 :
1273 861 1423 922 Quod
1444 878 1559 912 cum
1586 862 1792 930 pupillo
1826 868 2148 913 contractum
2183 862 2293 925 erit,
2331 861 2380 911 si
2408 879 2465 911 eo

1384 939 1589 990 nomine
1612 956 1717 989 non
1742 935 2060 1003 defendetur.
2556 936 2624 988 59
3090 935 3160 990 45
3178 935 3246 999 (‘?)
3298 938 3403 991 333

965 1012 1087 1065 204.
1214 1030 1229 1063 :
1268 1011 1378 1075 Qui
1401 1012 1768 1068 fraudationis
1792 1028 1962 1067 causa
1987 1010 2245 1066 latitabit.
2556 1012 2625 1065 59
3297 1014 3401 1068 333

965 1088 1084 1141 205.
1212 1105 1226 1140 :
1265 1087 1373 1151 Qui
1398 1089 1598 1143 absens
1622 1090 1829 1144 iudicio
1854 1088 2116 1143 defensus
2141 1103 2249 1142 non
2285 1087 2464 1142 fuerit.
2556 1090 2626 1142 60
2744 1088 2813 1142 57
3298 1091 3403 1145 333

965 1165 1084 1218 206.
1212 1183 1226 1217 :
1270 1168 1375 1227 Qui
1392 1185 1456 1219 ex
1479 1170 1588 1236 leye
1612 1169 1752 1220 Iulia
1780 1169 1925 1219 bonis
1950 1167 2173 1219 cesserit.
3297 1169 3400 1222 334

964 1243 1085 1295 207.
1214 1260 1227 1294 :
1266 1240 1370 1296 Cui
1394 1242 1554 1297 heres
1578 1260 1687 1297 non
1712 1242 1935 1297 extabit.
2555 1243 2625 1296 60
2743 1243 2811 1295 57
3133 1242 3203 1296 46
3301 1245 3403 1298 334

963 1319 1084 1372 208.
1214 1337 1228 1371 :
1263 1318 1355 1372 De
1378 1320 1497 1374 iure
1523 1319 1884 1375 deliberandi.
2555 1320 2625 1372 60
2745 1319 2812 1371 57
2934 1320 3003 1372 23
3299 1322 3404 1374 335

910 1396 1155 1451 209210.
1214 1414 1228 1448 :
1265 1398 1331 1448 Si
1348 1414 1474 1448 suus
1504 1399 1646 1450 heres
1671 1399 1769 1450 erit
1792 1398 1861 1458 (1.
1887 1397 2149 1466 pupillus,-
2183 1396 2231 1447 2.
2261 1397 2462 1465 pubes).
2503 1397 2586 1450 60.
2608 1397 2672 1448 61
2746 1396 2815 1448 58
2935 1397 3005 1450 23
3134 1397 3203 1450 27
3299 1398 3404 1450 336

962 1473 1083 1527 211.
1213 1490 1226 1523 2
1264 1475 1329 1525 Si
1348 1475 1490 1526 heres
1512 1484 1777 1542 suspectus
1801 1491 1907 1524 non
1931 1473 2215 1525 satisdabit.
2556 1473 2622 1525 61
3299 1476 3402 1528 338

961 1549 1082 1603 212.
1212 1566 1226 1602 :
1270 1551 1373 1611 Qui
1393 1552 1614 1618 capitali
1632 1550 1846 1603 crimine
1870 1551 2149 1602 damnatus
2172 1550 2285 1601 erit.
2893 1551 2961 1603 23
2979 1549 3045 1617 (Ῥ)
3299 1552 3401 1606 338

560 1678 837 1733 XXXIX.
1211 1694 1224 1728 ε
1263 1678 1358 1730 De
1397 1678 1575 1731 bonis
1604 1677 2019 1747 possidendis
2045 1678 2462 1745 proscriben-

1381 1756 1476 1807 dis
1510 1773 1623 1808 uen
1637 1756 1883 1806 (lundis.
2502 1754 2585 1808 61.
2607 1755 2675 1808 62
2693 1755 2777 1808 58.
2797 1756 2865 1808 59
2884 1755 2967 1808 23.
2987 1755 3054 1808 24
3135 1754 3202 1808 47
3299 1758 3404 1812 340

962 1839 1082 1893 213.
1209 1856 1223 1890 t
1266 1840 1700 1900 Quemadmodum
1736 1840 1789 1891 in
1817 1839 2145 1908 possessione
2168 1855 2277 1891 esse
2308 1856 2461 1908 opor·

1381 1925 1497 1969 teat.
2702 1917 2769 1969 59
2788 1917 2854 1982 (Ῥ)
3298 1922 3405 1976 340

961 1992 1080 2046 214.
1210 2010 1225 2044 :
1261 1994 1346 2045 De
1380 1993 1559 2060 fructu
1594 1994 1933 2063 praediorum
1975 1994 2241 2045 uendendo
2284 1995 2461 2045 locan-

1379 2071 1523 2123 doue.
2554 2072 2618 2126 61
3298 2077 3402 2129 340

960 2146 1081 2201 215.
1211 2164 1225 2198 :
1264 2147 1347 2199 De
1371 2148 1819 2200 administratione
1843 2149 2171 2200 creditorum.
2555 2149 2623 2202 62
2743 2148 2810 2202 59
3298 2154 3397 2207 341

960 2225 1081 2278 216.
1211 2239 1224 2274 :
1261 2220 1322 2277 Si
1362 2223 1488 2291 quis
1530 2223 1657 2276 dolo
1700 2223 1846 2276 malo
1881 2222 2098 2290 fecerit,
2140 2237 2252 2292 quo
2284 2221 2464 2275 minus

1380 2298 1504 2369 quis
1527 2298 1586 2352 in
1611 2299 2014 2369 possessionem
2039 2299 2126 2352 sit.
2554 2302 2622 2355 62
2742 2302 2810 2355 59
3299 2309 3397 2362 341

958 2377 1079 2432 217.
1208 2394 1222 2428 :
1260 2377 1345 2429 De
1399 2379 1663 2444 mayistn‘s
1716 2378 1972 2442 faciendis
2034 2377 2278 2445 bonisque
2338 2392 2461 2443 pro-

1379 2454 1660 2505 scribendis
1685 2462 1732 2506 et
1758 2453 2063 2504 uendundis.
2551 2456 2619 2509 62
2741 2455 2810 2508 59
2879 2456 2966 2510 23.
2986 2456 3055 2508 24
3133 2455 3201 2509 47
3297 2462 3397 2516 341

642 2579 765 2635 XL.
1209 2597 1222 2632 ε
1260 2578 1827 2644 Quemadmodum
1863 2595 1899 2633 a
1930 2578 2249 2633 bonorum
2286 2595 2459 2651 emp-

1377 2662 1523 2709 tore
1557 2657 1667 2711 uel
1701 2662 1937 2710 contra
1971 2672 2113 2710 eum
2147 2662 2407 2727 agatur.
2499 2657 2772 2711 636460.
2795 2657 2860 2709 61
2932 2658 3002 2711 24
3132 2657 3200 2711 47
3298 2663 3400 2717 343

958 2743 1078 2796 218.
1207 2760 1221 2794 :
1256 2743 1343 2795 De
1366 2743 1641 2794 Rutiliana
1665 2743 1884 2795 actione.
2551 2744 2620 2797 63
2742 2743 2812 2796 60
2891 2743 2960 2796 24
2977 2743 3043 2810 (Ῥ)
3297 2749 3400 2801 344

957 2819 1077 2872 219.
1206 2836 1220 2870 :
1258 2819 1343 2871 De
1360 2820 1735 2887 priuileyt‘ariis
1762 2820 2117 2872 creditoribus.
2550 2821 2619 2874 63
2742 2820 2811 2873 60
2931 2821 3001 2875 24
3296 2827 3400 2879 345

960 2896 1078 2951 220.
1206 2912 1220 2947 2
1262 2897 1413 2957 Quod
1446 2905 1631 2965 postea
1673 2905 1999 2949 contractum
2040 2897 2154 2963 erit,
2204 2915 2359 2967 quam
2399 2898 2459 2963 is,

1377 2976 1523 3027 cuius
1550 2974 1685 3026 bona
1710 2975 1980 3039 ueniet-int,
2014 2976 2286 3027 consilium
2310 2975 2459 3042 frau-

1377 3051 1669 3103 dandorum
1697 3053 2010 3104 creditorum
2036 3053 2241 3120 ceperit.
2550 3054 2619 3106 64
3296 3059 3399 3111 346

957 3128 1079 3181 221.
1207 3145 1221 3179 :
1259 3129 1345 3181 De
1385 3129 1692 3193 actionibus,
1735 3146 1871 3197 quae
1913 3147 1975 3181 ex
2017 3138 2139 3181 ante
2181 3139 2325 3197 yesto
2368 3132 2458 3183 ad-

1376 3221 1560 3256 uersus
1583 3204 1946 3271 fraudatorem
1974 3215 2279 3274 competunt.
2551 3207 2621 3260 64
2698 3206 2761 3259 61
2784 3208 2851 3269 (Ῥ)
3295 3212 3399 3265 347

960 3282 1079 3335 222.
1205 3299 1220 3333 :
1260 3283 1344 3334 De
1367 3283 1632 3334 Seruiana
1657 3284 1874 3335 actione.
2551 3285 2620 3337 64
2697 3283 2762 3336 61
2785 3282 2851 3350 (P)
3295 3288 3399 3342 349

958 3358 1078 3412 223.
1208 3376 1222 3410 :
1258 3360 1346 3411 De
1370 3359 1800 3427 separationibus,
2551 3362 2620 3414 64
3129 3360 3198 3413 47
3296 3366 3399 3420 349

619 3483 774 3538 XLI.
1206 3505 1220 3538 :
1257 3485 1355 3540 De
1391 3492 1701 3539 curatore
1736 3485 1932 3539 bonis
1965 3485 2197 3541 dando,
2497 3490 2581 3543 65.
2604 3490 2671 3542 66
2741 3489 2810 3543 62
2930 3487 2999 3541 24
3131 3488 3198 3542 47
3294 3496 3399 3549 350

958 3571 1076 3625 224.
1205 3590 1220 3625 z
1258 3573 1343 3625 De
1375 3573 1726 3624 constituendo
1762 3581 2007 3625 curatore
2039 3583 2084 3625 et
2126 3574 2456 3628 administra-

1378 3649 1513 3701 tione
1538 3651 1661 3701 eius.
2549 3645 2617 3698 65
2930 3642 3000 3695 24
3293 3650 3400 3703 350

958 3725 1076 3780 225.
1204 3743 1219 3778 :
1261 3727 1407 3787 Quae
1426 3725 1777 3792 fraudationis
1802 3742 1966 3778 causa
1984 3736 2130 3795 qesta
2154 3736 2320 3780 erunt.
2549 3722 2618 3774 66
2740 3720 2809 3773 62
2929 3720 2999 3772 24
3128 3720 3197 3773 47
3295 3726 3396 3779 351

604 3841 789 3897 XLII.
958 3842 1078 3897 226.
1205 3862 1220 3897 ε
1255 3843 1355 3898 De
1388 3859 1458 3897 re
1492 3842 1813 3899 iudicata.
2548 3842 2616 3894 66
2737 3839 2807 3894 62
3293 3846 3400 3900 353

592 3960 805 4016 XLIII.
1205 3983 1220 4018 ε
1256 3963 1355 4017 De
1389 3963 1797 4018 interdictis.
2496 3961 2660 4015 67-73
2686 3960 2849 4013 63-68
2874 3960 2961 4013 25.
2981 3960 3049 4012 26
3077 3961 3162 4014 48.
3179 3960 3249 4014 49
3293 3963 3399 4017 356

955 4046 1077 4100 227.
1206 4067 1219 4102 :
1256 4048 1503 4114 Quorum
1527 4049 1810 4103 bonorum.
2547 4046 2613 4099 67
2738 4046 2807 4099 63
3292 4050 3393 4102 361

956 4124 1074 4177 228.
1205 4144 1219 4178 :
1256 4125 1420 4190 Quod
1444 4125 1769 4195 legatorum.
2549 4121 2615 4175 67
2737 4122 2806 4175 63
3292 4126 3396 4179 362

957 4200 1076 4252 229.
1204 4220 1218 4254 :
1254 4205 1305 4255 A
1331 4221 1430 4272 quo
1462 4204 1715 4255 hereditas
1743 4213 1960 4272 petetur,
1993 4205 2043 4256 si
2071 4221 2176 4257 rem
2211 4206 2339 4257 nolit
2373 4206 2456 4257 de·

1372 4280 1602 4347 sendere.
2548 4276 2617 4329 68
3125 4276 3194 4329 48
3290 4280 3396 4334 363

955 4353 1076 4407 230.
1204 4374 1218 4408 :
1255 4355 1341 4411 Ne
1374 4356 1461 4410 uis
1493 4354 1593 4410 fiat
1626 4355 1679 4409 ei
1713 4356 1810 4426 qui
1849 4359 2137 4426 quatorum
2171 4360 2457 4411 seruando-

1374 4451 1490 4485 rum
1526 4451 1687 4487 causa
1718 4433 1776 4487 in
1818 4434 2219 4503 possessionem
2262 4434 2459 4489 missus

1375 4509 1497 4564 erit.
2547 4508 2616 4561 68
3290 4508 3396 4563 364

956 4586 1076 4639 231.
1204 4606 1217 4640 :
1256 4586 1341 4640 Ne
1384 4586 1471 4640 uis
1510 4586 1610 4641 fiat
1652 4587 1704 4641 ei
1738 4604 1879 4657 quae
1917 4590 2113 4642 uentris
2155 4591 2360 4641 nomine
2400 4588 2457 4641 in

1372 4664 1773 4733 possessionem
1798 4665 1969 4718 missa
1994 4665 2113 4719 erit.
2497 4678 2504 4685 ·
2548 4661 2616 4715 68
3291 4665 3394 4718 364

957 4740 1076 4793 232.
1205 4759 1218 4793 :
1254 4739 1344 4794 De
1368 4740 1575 4795 tabulis
1601 4741 1947 4796 exhibendis.
2547 4738 2615 4791 68
2736 4738 2804 4791 64
3003 4786 3008 4790 .
3125 4737 3195 4792 48
3291 4741 3396 4793 364

957 4816 1076 4870 233.
1204 4836 1217 4869 :
1258 4819 1590 4871 Interdictum
1613 4821 2005 4887 possessorium.
3290 4818 3395 4870 365

956 4894 1077 4947 234.
1205 4912 1218 4946 :
1257 4895 1593 4948 Interdictum
1617 4897 1910 4949 sectarium.
3289 4894 3394 4947 365

956 4972 1076 5024 235.
1204 4988 1217 5022 :
1255 4969 1341 5025 Ne
1375 4970 1511 5039 quid
1546 4971 1604 5024 in
1646 4970 1767 5025 loco
1800 4987 1957 5026 sacro
1999 4972 2242 5040 reliyioso
2274 4980 2457 5023 sancto

1373 5048 1486 5102 fiat.
1539 5050 1688 5109 Quod
1708 5047 1908 5114 factum
1927 5051 2039 5116 erit,
2065 5058 2118 5100 ut
2139 5048 2453 5100 restituatur.
2547 5046 2615 5100 68
3289 5048 3393 5101 365

956 5125 1074 5179 236.
1203 5143 1217 5177 :
1254 5124 1342 5178 De
1367 5130 1582 5178 mortuo
1601 5123 1893 5179 inferendo
1914 5130 1970 5179 et
1993 5124 2285 5196 sepulchro
2304 5123 2454 5178 aedi-

1374 5199 1611 5255 ficando,
2546 5200 2615 5253 68
2736 5198 2802 5250 64
3289 5202 3394 5255 366
