3736 5919
542 372 676 439 442
1486 375 1820 437 Edictum
1856 375 2004 437 aed.
2043 394 2181 435 cur.
2271 374 2306 451 ἓ
2343 377 2488 436 293.

544 543 928 609 abfliesseud
963 542 1358 608 bezeichnet.
1448 543 1597 608 Auf
1624 542 1726 609 die
1763 542 1999 629 duplae
2033 541 2358 628 stipulatio
2401 540 2469 607 in
2505 540 2746 607 diesem
2781 542 3234 609 umfassenden
3271 542 3438 610 Sinn

546 646 703 733 geht
738 645 904 712 auch
940 645 1097 731 Ulp.
1141 647 1172 709 1
1213 645 1289 711 fr.
1327 646 1409 711 31
1450 646 1488 731 ἓ
1524 646 1610 711 20
1645 645 1709 711 h.
1755 660 1831 711 t.:

892 747 1068 829 Quia
1111 748 1381 813 adsidua
1423 760 1519 814 est
1566 749 1801 834 duplae
1847 748 2193 834 stipulatio,
2248 746 2485 812 idcirco
2530 745 2798 833 placuit,
2853 747 3045 812 etiam
3091 770 3173 813 ex
3218 761 3438 836 empto

890 852 997 936 agi
1034 873 1241 937 posse,
1279 852 1333 915 si
1371 850 1634 937 duplam
1670 851 1967 916 uenditor
2001 850 2304 936 mancipii
2339 871 2471 915 non
2507 861 2734 915 caueat
2771 899 3013 915 .....

717 952 860 1018 Das
918 952 1650 1039 Stipulationsformular
1701 954 1902 1020 selbst
1953 976 2086 1018 war
2137 965 2264 1018 erst
2317 976 2422 1017 am
2477 951 2783 1018 Schlusse
2846 952 2958 1019 des
3020 952 3434 1019 iidilicischen

548 1054 772 1120 Edicts
816 1056 1162 1143 proponirt.
1254 1055 1381 1122 Die
1424 1056 1728 1122 Formeln
1774 1057 1889 1122 der
1933 1078 2058 1121 von
2095 1054 2304 1122 Gaius
2345 1055 2389 1120 l.
2437 1077 2492 1120 c.
2540 1054 2942 1121 bemeldetcn
2977 1056 3238 1142 Klagen
3287 1056 3433 1120 sind

548 1158 726 1223 nicht
761 1158 1151 1224 iiberliefert.
1241 1157 1371 1224 Die
1406 1159 1675 1224 intentio
1708 1158 1946 1225 lautete
1982 1158 2138 1224 aber
2173 1158 2340 1224 ohne
2376 1157 2669 1223 Zweifel:

893 1260 959 1326 S.
988 1286 1060 1347 p.
1099 1262 1217 1325 Nn·
1256 1262 1377 1325 Nm
1413 1309 1767 1326 .......
1807 1286 1930 1326 non
1967 1266 2196 1326 cauisse
2233 1283 2421 1347 neque
2445 1263 2595 1347 plus
2632 1284 2816 1346 qnam
2854 1263 2973 1325 cluo
3012 1261 3165 1341 (sex)
3203 1284 3436 1325 menses

890 1376 1032 1427 sunt
1069 1364 1180 1429 rel.

548 1465 648 1529 Im
720 1465 1017 1531 Weitern
1088 1466 1166 1531 ist
1240 1465 1642 1531 hinsichtlich
1715 1467 1828 1531 der
1896 1464 2313 1532 redhibitoria
2382 1464 2503 1529 auf
2563 1464 2667 1530 die
2737 1464 2907 1530 oben
2974 1464 3433 1531 reconstruit-te

543 1568 603 1632 F
604 1568 804 1633 ormel
857 1591 942 1633 zu
995 1568 1435 1651 verweisen¹);
1500 1568 1601 1634 die
1655 1569 2084 1633 aestimatoria
2137 1568 2294 1633 aber
2343 1566 2503 1654 ging
2555 1566 2722 1631 wohl
2776 1567 2897 1631 auf
2942 1570 3160 1653 quanti
3211 1591 3282 1631 ea
3335 1591 3432 1632 res

546 1673 740 1750 erist),
777 1669 910 1735 und
946 1671 1176 1756 gewiss
1221 1670 1462 1748 nicht,
1508 1671 1627 1736 wie
1664 1671 2004 1736 Rudorff
2040 1672 2188 1748 will,
2236 1671 2356 1736 auf
2391 1673 2608 1756 quanti
2643 1672 2726 1734 Ai
2755 1670 2837 1733 Af
2873 1673 3114 1735 interest
3151 1671 3273 1734 Ν·
3309 1671 3432 1734 Ν*

545 1796 669 1837 non
714 1777 961 1838 cauisse.
1053 1774 1153 1838 Zu
1190 1787 1521 1840 vermuten
1569 1772 1765 1849 steht,
1813 1774 1961 1839 dass
2007 1774 2108 1840 die
2154 1773 2414 1840 Formel
2457 1772 2659 1837 durch
2695 1771 3236 1838 Arbitrarclausel
3281 1773 3431 1839 dem

547 1874 910 1961 Beklagten
946 1875 1049 1941 die
1085 1876 1514 1963 Miiglicbkeit
1549 1875 1879 1953 erb‘ffnete,
1925 1877 2091 1942 noch
2129 1876 2431 1943 wahrend
2467 1875 2580 1942 des
2614 1876 2959 1941 Prozesses
3003 1875 3107 1941 die
3145 1873 3432 1941 Caution

546 1975 1006 2044 nachzuholen.

714 2173 870 2261 Ulp.
914 2178 945 2239 1
988 2176 1065 2240 fr.
1102 2176 1181 2240 31
1223 2176 1262 2259 ς
1297 2177 1377 2240 21
1417 2175 1480 2239 ιι.
1518 2188 1591 2240 t.:
1953 2082 2013 2146 δ’

887 2276 1021 2358 Qui
1073 2278 1392 2365 mancipia
1444 2278 1763 2355 uendunt,
1824 2279 2147 2344 nationem
2211 2278 2522 2363 cuiusque
2583 2278 2648 2342 in
2711 2277 3080 2344 uenditione
3143 2299 3432 2362 pronun-

887 2380 1045 2446 tiare
1082 2381 1320 2447 debent
1358 2428 1712 2446 .......
1750 2381 1926 2465 quod
1963 2381 2014 2446 si
2053 2380 2132 2445 ‹le
2168 2381 2424 2446 natione
2458 2380 2550 2445 ita
2585 2380 3064 2467 pronuntiatum
3108 2401 3241 2444 non
3287 2380 3428 2457 erit,

886 2482 1192 2548 iudicium
1230 2483 1502 2569 emptori
1547 2483 1974 2566 omnibusque
2019 2483 2103 2547 ad
2137 2505 2299 2567 quos
2343 2506 2422 2549 ea
2464 2506 2566 2549 res
2609 2482 2950 2569 pertinebit
2987 2482 3267 2559 dabitur,
3313 2505 3429 2568 per

885 2585 1061 2669 quod
1096 2600 1346 2672 emptor
1380 2585 1671 2652 redhibet
1709 2585 2180 2671 mancipiumss).

542 2684 693 2771 Vgl.
733 2684 811 2751 C.
850 2686 903 2751 Ι.
942 2687 1024 2752 L.
1063 2688 1170 2752 111
1205 2690 1327 2752 941
1370 2693 1445 2770 (s.
1484 2704 1681 2753 unten
1718 2689 1757 2773 ᾖ
1791 2688 1975 2771 296);

882 2788 1126 2854 Dasius
1154 2790 1444 2856 Breucus
1481 2791 1632 2857 emit
1662 2791 2111 2877 mancipioque
2138 2792 2384 2878 accepit
2418 2814 2691 2878 puerum
2720 2791 3151 2877 Apalaustum
3173 2837 3426 2855 ......

884 2893 1144 2958 natione
1181 2890 1507 2959 Graecum
1547 2942 1563 2958 .
1602 2947 1616 2959 .
1657 2943 1673 2961 .
1713 2943 1730 2958 .

710 3110 866 3199 Ulp.
910 3117 941 3178 1
983 3114 1061 3179 fr.
1099 3116 1178 3180 31
1219 3117 1395 3199 §22
1435 3117 1520 3181 23
1557 3117 1618 3181 ιι.
1656 3129 1731 3182 t.:
1952 3024 2009 3088 γ’

883 3215 956 3283 Si
1009 3217 1165 3301 quid
1216 3219 1307 3283 ita
1359 3219 1657 3296 uenierit‚
1719 3232 1819 3296 ut,
1884 3219 2007 3284 nisi
2069 3219 2407 3305 placuerit,
2470 3219 2636 3283 intra
2696 3218 3102 3304 praefinitum
3165 3231 3424 3304 tempus

878 3319 1316 3398 redhibeatur,
1398 3344 1477 3387 ea
1546 3322 1886 3387 conuentio
1957 3335 2096 3386 rata
2167 3320 2464 3387 habetur:
2544 3320 2597 3385 si
2677 3332 2893 3386 autem
2971 3319 3052 3385 de
3131 3332 3422 3406 tempore

877 3420 1036 3486 nihil
1091 3423 1481 3500 conuenerit,
1535 3424 1603 3488 in
1647 3424 1890 3489 factum
1942 3424 2106 3490 actio
2149 3424 2315 3490 intra
2364 3422 2699 3510 sexaginta
2744 3422 2881 3488 dies
2934 3422 3121 3487 utiles
3167 3443 3424 3488 accom-

879 3524 1177 3589 modatur
1226 3526 1497 3612 emptori
1550 3527 1632 3591 ad
1692 3525 2155 3592 redhibendum
2204 3573 2780 3591 ...........
2828 3526 2994 3591 Item
3048 3525 3102 3589 si
3166 3537 3423 3611 tempus

877 3628 1211 3713 sexaginta
1266 3628 1511 3693 dierum
1547 3629 1977 3716 praefinitum
2030 3628 2436 3695 redhibitioni
2489 3627 2839 3714 praeteriit,
2904 3649 3100 3692 causa.
3163 3628 3424 3713 cognita

877 3729 1185 3794 iudicium
1221 3730 1496 3796 dabitur.

710 3827 815 3893 Cf.
852 3830 930 3895 fr.
967 3833 1117 3899 Vat.
1165 3834 1270 3898 14:

992 3981 1008 3997 .
1048 3982 1064 3998 .
1104 3935 1407 4000 iudicium
1446 3935 1528 4000 ab
1565 3936 1878 4002 aedilibus
1914 3937 1982 4000 in
2018 3936 2258 4001 factum
2296 3936 2376 4002 de
2415 3935 2833 4022 reciperando
2871 3935 3076 4022 pretio
3112 3936 3424 4022 mancipii

877 4036 1181 4114 redditur,
1218 4039 1370 4122 quia
1405 4038 1804 4125 displicuisse
1841 4039 2294 4124 proponitur4).

532 4131 663 4198 Die
716 4134 1018 4223 Fassung
1071 4163 1265 4217 muss,
1318 4141 1419 4206 bis
1467 4142 1587 4206 auf
1631 4142 1745 4207 das
1799 4139 2332 4208 Vorhandeusein
2385 4140 2499 4205 der
2549 4138 3035 4225 gewo‘hnlichen
3087 4140 3421 4205 Arbitrar-

534 4233 774 4300 clausel
806 4277 894 4286 —
928 4238 1010 4303 cf.
1048 4240 1203 4327 Ulp.
1248 4247 1277 4306 1
1319 4242 1396 4306 fr.
1433 4244 1514 4307 31
1554 4244 1593 4327 ἓ
1629 4245 1713 4309 24
1749 4244 1811 4308 h.
1850 4257 1895 4309 t.
1933 4282 2040 4320 —‚
2077 4241 2527 4329 dahingestellt
2564 4241 2838 4308 bleiben.

706 4500 855 4567 Gai.
892 4503 935 4568 2
971 4505 1046 4570 fr.
1085 4506 1171 4571 32
1208 4506 1269 4571 h.
1310 4512 1445 4589 t.⁵):
1939 4416 2000 4479 8'

876 4653 892 4670 .
932 4655 948 4671 .
989 4655 1004 4670 .
1042 4609 1204 4673 sicut
1242 4609 1533 4696 superius
1569 4611 1863 4677 uenditor
1898 4611 1979 4677 de
2013 4609 2238 4675 morbo
2275 4608 2516 4675 uitione
2554 4621 2615 4675 et
2650 4609 2877 4675 ceteris
2913 4630 3078 4693 quae
3114 4609 3204 4673 ibi
3243 4632 3422 4676 com·

873 4709 1186 4794 prehensa
1223 4728 1371 4777 sunt
1407 4714 1773 4799 praedicere
1817 4713 2094 4790 iubetur,
2141 4724 2201 4778 et
2241 4724 2570 4798 praeterea
2605 4711 2671 4775 in
2707 4711 2805 4776 his
2842 4712 3051 4777 causis
3096 4734 3230 4777 non
3276 4736 3417 4779 esse

602 4855 652 4921 1)
678 4853 762 4910 Cf.
790 4857 920 4929 Ulp.
949 4863 977 4915 1
1006 4859 1069 4916 fr.
1095 4863 1162 4917 31
1188 4862 1219 4932 ξ
1243 4864 1313 4918 24
1335 4864 1390 4919 h.
1416 4870 1455 4919 t.
2000 4865 2152 4919 kann
2197 4862 2291 4919 ich
2345 4862 2501 4917 nicht
2553 4864 2637 4917 als
2692 4862 3091 4918 entseheidend
3149 4864 3418 4921 ansehen.

590 4932 654 5020 ο2)
678 4932 749 4985 D.
779 4934 831 4988 h.
858 4936 892 4992 i.
920 4938 971 4992 d.
993 4938 1059 4992 R.
1084 4940 1211 4994 dem
1235 4940 1432 5014 Erfolg
1455 4943 1598 4997 nach
1626 4942 1732 4997 auf
1748 4943 1932 4998 Preis·
2069 4943 2123 5008 3)
2148 4941 2277 5012 Ulp.
2307 4942 2336 4994 1
2363 4939 2430 4994 fr.
2452 4941 2519 4994 31
2546 4940 2667 5010 §24
2691 4940 2744 4994 h.
2772 4947 2810 4994 t.

530 5009 889 5083 minderung‚
946 5016 1054 5086 vgl.
1103 5016 1506 5088 Bcchmann‚
1559 5021 1659 5075 der
1708 5019 1870 5074 Kauf
1904 5021 1934 5073 1
2070 5019 2124 5084 4)
2150 5018 2203 5073 S.
2230 5017 2374 5072 auch
2399 5018 2542 5072 noch
2567 5035 2613 5073 c.
2637 5018 2674 5072 4
2695 5018 2749 5071 h.
2777 5023 2815 5071 t.

531 5082 772 5172 8340611.
802 5090 847 5144 1.
912 5090 1025 5146 Dic
1048 5092 1352 5149 Bedenken
1377 5096 1726 5151 Bcchmanns
1749 5113 1934 5168 gegen
2072 5097 2125 5162 5)
2151 5095 2280 5167 vgl.
2307 5095 2439 5166 Ulp.
2476 5097 2507 5149 1
2542 5094 2608 5149 fr.
2643 5096 2711 5150 31
2746 5096 2777 5165 ἓ
2809 5097 2896 5164 25,
2938 5095 3006 5150 fr.
3039 5095 3129 5165 33,
3162 5094 3233 5150 35
3264 5096 3322 5150 h.
3357 5102 3422 5166 t.,

532 5159 626 5214 dte
659 5163 1070 5224 Anthenticitiit
1111 5171 1211 5225 der
1240 5171 1935 5245 Digesteniiberlieferung
2004 5173 2165 5228 Paul.
2192 5174 2226 5226 2
2251 5171 2317 5226 fr.
2345 5173 2416 5227 44
2437 5190 2522 5245 pr.
2547 5173 2601 5226 h.
2627 5177 2669 5227 t.
