3736 5919
1405 413 1544 473 Tit.
1581 412 1818 473 me.
1909 411 1943 488 ᾗ
1983 414 2123 472 245.
3079 409 3205 478 371

672 580 894 647 Unde
933 591 1009 645 tu
1047 592 1175 646 aut
1211 580 1504 645 familia
1541 592 1670 644 aut
1705 591 2163 666 procurator
2199 591 2371 645 tuus
2409 579 2620 645 illum
2666 592 2796 646 aut
2839 580 3208 647 familiam

677 696 804 748 aut
859 694 1427 769 procuratorem
1482 682 1697 747 illius
1743 683 1819 747 in
1864 683 2003 747 hoe
2057 705 2248 747 anno
2303 683 2379 747 ui
2433 682 2812 761 deiecisti,
2868 707 3032 749 cum
3074 684 3210 750 ille

674 785 1137 872 possideret,
1191 784 1393 869 quod
1446 805 1581 850 nee
1626 784 1702 849 ui
1746 808 1884 852 nec
1938 786 2126 851 olam
2179 807 2315 851 nee
2369 787 2714 870 precario
2760 811 2798 851 a
2842 799 2912 853 te
2965 787 3214 873 possi-

677 888 986 970 deret1),
1034 910 1118 953 eo
1155 888 1542 953 restituas.

506 1007 644 1072 Der
706 1007 1032 1073 VVortlaut
1084 1008 1197 1073 des
1250 1006 1763 1071 Hadrianisehen
1814 1007 2094 1071 Albums
2148 1006 2320 1072 kann
2383 1030 2504 1071 nur
2564 1007 2849 1073 dadureh
2911 1009 3214 1075 ermittelt

332 1110 612 1186 werden,
668 1111 816 1174 dass
861 1110 977 1174 wir
1019 1110 1206 1175 beide
1250 1108 1874 1195 Ueberlieferungen
1919 1109 2033 1174 mit
2081 1111 2202 1175 den
2250 1107 2768 1186 Commentaren,
2822 1111 3211 1177 namentlich

334 1213 480 1276 dem
519 1212 794 1298 Ulpians
831 1211 1254 1298 vergleichen.
2045 1210 2054 1219 ”

508 1333 670 1397 Hier
720 1332 929 1418 ergibt
983 1331 1119 1396 sich
1172 1354 1306 1395 nun
1351 1331 1679 1407 zuniichst,
1733 1331 1880 1396 dass
1936 1332 2037 1397 die
2084 1328 2562 1416 Compilatoren
2619 1332 2742 1397 den
2788 1333 3058 1420 Anfang
3101 1333 3215 1399 des

337 1435 852 1500 Hadrianisohen
887 1435 1229 1501 Interdicts
1265 1434 1333 1498 in
1369 1433 1494 1499 den
1531 1433 1805 1499 Worten

680 1535 936 1620 Unde2)
976 1550 1044 1603 tu
1081 1538 1260 1603 illum
1299 1537 1367 1601 ui
1404 1536 1686 1600 deiecisti
1725 1547 1834 1600 aut
1871 1536 2112 1602 familia
2149 1548 2259 1601 tua
2297 1536 2585 1619 deiecit³)

334 1653 559 1725 getreu
597 1640 1123 1727 wiedergegeben
1161 1639 1392 1704 haben.
1465 1638 1595 1704 Die
1631 1639 2080 1725 Abiinderung
2116 1640 2228 1704 des
2275 1639 2477 1705 iiltern
2513 1640 2852 1707 Interdicts
2889 1641 3042 1707 liisst
3079 1641 3215 1706 sich

334 1743 419 1806 im
458 1741 812 1809 Einzelnen
847 1742 1333 1824 naehweiseffl).

511 1864 568 1928 1.
616 1862 981 1940 „Deieeisti
1017 1875 1128 1926 aut
1165 1908 1404 1926 .....
1447 1859 1727 1925 deiecit“
1766 1871 1917 1925 statt
1955 1860 2068 1925 des
2106 1862 2306 1926 iiltern
2353 1861 2690 1928 einfaehen
2735 1863 3039 1941 deiecisti,
3084 1863 3217 1950 vgl.

336 1964 491 2052 Ulp.
531 1966 615 2030 69
652 1965 732 2029 fr.
774 1967 806 2029 1
847 1964 885 2049 §
927 1966 999 2028 11
1042 1964 1106 2029 h.
1145 1974 1215 2027 t.:

682 2091 826 2132 eum
875 2066 1262 2143 „deiecisti“
1317 2065 1590 2131 uerbum
1634 2064 1905 2130 refertur
1957 2065 2040 2129 ad
2092 2087 2430 2150 personam
2484 2067 2621 2133 eius
2669 2069 2780 2152 qui
2826 2067 3054 2132 deiecit
3097 2089 3217 2133 neo

678 2170 993 2255 pertineat
1046 2169 1129 2233 ad
1182 2191 1350 2243 eum,
1407 2167 1588 2232 cuius
1645 2167 1886 2232 familia
1940 2166 2166 2232 deiecit
2205 2214 2590 2246 ........
2647 2191 3044 2254 consequens
3099 2169 3218 2234 fuit

681 2272 917 2337 addere
955 2283 1117 2348 „aut
1152 2271 1397 2336 familia
1432 2282 1543 2335 tua
1581 2270 1883 2335 deiecit“.

512 2393 573 2457 2.
632 2393 775 2456 Auf
815 2390 989 2457 Seite
1038 2391 1151 2456 der
1196 2390 1626 2474 dejioirenden
1670 2389 1892 2455 Partei
1945 2389 2028 2453 ist
2072 2389 2173 2455 die
2219 2387 2638 2475 Erwiihnung
2684 2390 2796 2455 des
2850 2404 3224 2477 procurator

337 2494 701 2580 gestrichen
738 2494 1018 2571 worden,
1056 2494 1185 2579 vgl.
1223 2492 1378 2579 Ulp.
1416 2494 1500 2558 69
1536 2492 1613 2556 fr.
1658 2494 1687 2556 1
1728 2492 1767 2576 ξ
1807 2492 1888 2555 12
1924 2491 1985 2556 h.
2026 2504 2100 2557 t.:

682 2597 1014 2663 Deiecisse
1051 2609 1263 2662 autem
1293 2643 1310 2659 .
1341 2645 1357 2661 .
1388 2643 1404 2659 .
1436 2595 1707 2672 uidetur,
1746 2594 1856 2679 qui
1894 2594 2222 2660 mandauit
2260 2595 2365 2660 uel
2400 2595 2601 2670 iussit,
2637 2608 2707 2660 ut
2745 2595 2975 2681 aliquis
3013 2596 3225 2663 deice·

684 2711 878 2765 retur.

343 2800 446 2867 Cf.
487 2802 563 2867 fr.
609 2805 638 2867 1
680 2802 718 2887 ξ
757 2802 858 2878 14,
896 2802 969 2866 fr.
1006 2802 1046 2865 3
1083 2801 1121 2886 ξ
1162 2804 1241 2867 10
1278 2800 1339 2864 h.
1377 2815 1444 2877 t.,
1483 2800 1559 2864 fr.
1603 2799 1726 2864 152
1764 2801 1802 2884 ᾗ
1842 2799 1899 2865 1.
1938 2802 1979 2864 2
2016 2800 2095 2865 de
2132 2799 2212 2864 R.
2250 2799 2303 2863 Ι.
2344 2799 2472 2878 (50.
2516 2801 2639 2880 17).

514 2923 573 2987 3.
621 2921 770 2987 Auf
801 2921 977 2988 Seite
1016 2921 1130 2987 der
1165 2920 1491 3005 dejicirten
1528 2918 1748 2984 Partei
1784 2919 1867 2984 ist
1911 2918 2013 2985 die
2051 2917 2469 3005 Emiihnung
2514 2920 2627 2986 des
2671 2932 3045 3008 procurator
3087 2922 3223 2988 und

340 3026 457 3090 der
491 3024 735 3090 familia
769 3024 1157 3108 gestriehen,
1194 3025 1324 3109 vgl.
1362 3021 1515 3108 Ulp.
1558 3023 1642 3087 69
1679 3022 1756 3086 fr.
1800 3024 1827 3086 1
1875 3022 1912 3106 ἓ
1949 3024 2032 3087 22
2067 3021 2131 3085 h.
2171 3036 2246 3086 t.:

686 3126 884 3209 Quod
937 3148 1161 3191 seruus
1224 3125 1329 3191 uel
1383 3135 1756 3210 procurator
1817 3125 1924 3188 uel
1988 3124 2249 3189 colonus
2304 3136 2549 3202 tenent,
2613 3125 2908 3192 dominus
2970 3128 3228 3193 uidetur

684 3228 1038 3314 possidere,
1120 3241 1179 3295 et
1254 3228 1400 3292 ideo
1471 3226 1568 3291 his
1642 3226 1903 3292 deiectis
1973 3227 2110 3312 ipse
2181 3226 2344 3291 deici
2424 3225 2504 3291 de
2573 3230 2973 3313 possessione
3048 3230 3229 3296 uide-

686 3343 790 3397 tur
827 3380 843 3395 .
885 3380 902 3395 .
944 3380 959 3396 .

344 3434 450 3500 cf.
489 3435 565 3499 fr.
608 3435 640 3498 1
680 3434 718 3519 ς
755 3435 838 3499 46
875 3434 937 3499 h.
977 3380 1022 3499 ι’.

516 3547 574 3610 F
575 3546 795 3631 olgten
837 3546 952 3610 wir
1006 3545 1101 3610 bis
1157 3543 1378 3610 hieher
1431 3544 1545 3610 der
1595 3542 2416 3630 Digesteniiberlieferung,
2471 3565 2541 3608 so
2596 3542 2740 3609 sind
2783 3545 3079 3631 dagegen
3122 3546 3226 3612 die

348 3649 436 3714 W
442 3663 576 3713 orte
614 3649 727 3713 des
765 3648 966 3712 iiltern
1003 3646 1342 3713 Interdiots

686 3750 753 3814 in
799 3749 921 3815 hoe
966 3772 1133 3815 anno
1171 3797 1187 3814 .
1228 3798 1243 3813 .
1284 3797 1300 3813 .
1339 3797 1387 3825 .,
1433 3772 1583 3814 oum
1623 3749 1731 3815 ille
1786 3747 2161 3834 possideret,
2214 3749 2388 3833 quod
2442 3771 2560 3815 neo
2606 3748 2673 3813 ui
2726 3772 2845 3816 neo
2891 3750 3058 3817 clam
3102 3774 3224 3818 nee

690 3852 978 3939 precario
1016 3874 1054 3916 a
1090 3863 1154 3917 te
1190 3852 1565 3937 possideret,

346 3955 600 4020 obwohl
654 3954 721 4019 in
765 3954 889 4020 den
935 3954 1253 4040 Digesten
1298 3954 1717 4039 ausgefallen,
1772 3952 2153 4041 gleiehwohl
2197 3953 2541 4019 zweifellos
2587 3956 3016 4022 unver'eindert
3061 3957 3228 4023 auch

346 4059 461 4123 der
496 4057 1013 4122 Hadrianisehen
1050 4053 1477 4121 Codifieation
1513 4056 2040 4123 zuzusohreiben.

526 4173 582 4234 1.
629 4169 758 4235 Die
795 4167 1040 4234 annalis
1077 4167 1370 4253 exceptio
1408 4167 1524 4245 „in
1568 4166 1691 4233 hoe
1726 4175 1947 4233 anno“
1993 4167 2152 4232 wird
2199 4167 2474 4255 bezeugt
2520 4168 2720 4235 durch
2756 4167 2910 4256 Ulp.
2949 4171 3033 4236 69
3075 4170 3151 4235 fr.
3192 4172 3225 4237 1

347 4273 386 4358 ἓ
421 4274 505 4339 39
542 4272 602 4337 h.
641 4284 684 4337 t.
723 4295 981 4349 „annus
1018 4271 1082 4335 in
1119 4270 1242 4336 hoc
1277 4269 1684 4335 interdieto“.
1773 4270 1929 4357 Vgl.
1967 4269 2134 4336 auch
2172 4271 2248 4335 fr.
2291 4272 2326 4334 1
2363 4294 2458 4357 pr.
2497 4271 2560 4336 h.
2599 4284 2641 4337 t.

419 4517 677 4589 12Vg1.1.
703 4533 883 4589 agi-ar.
903 4519 973 4584 (a.
995 4532 1047 4570 u.
1068 4532 1115 4570 e.
1134 4516 1257 4584 643)
1274 4515 1365 4571 lin.
1390 4517 1483 4571 18:
1511 4518 1625 4585 [Sei
1640 4517 1753 4586 quis
1893 4518 1947 4582 2)
1989 4517 2118 4587 Ulp.
2162 4518 2230 4571 69
2274 4517 2338 4571 fr.
2384 4519 2414 4571 1
2459 4518 2489 4587 ξ
2530 4519 2671 4572 3-8
2710 4518 2763 4572 h.
2806 4524 2843 4572 t.
2934 4519 3062 4590 vgl.
3116 4517 3231 4574 Cic.

348 4614 527 4650 eorum
540 4613 757 4664 quorum
779 4595 929 4663 aych·
946 4611 1111 4662 supra
1129 4597 1355 4664 scriptus
1370 4604 1753 4663 est‚exposses-
1823 4609 1925 4664 pro
1975 4592 2135 4649 Caee.
2182 4611 2227 4650 e.
2267 4596 2337 4650 30
2384 4595 2415 4665 ,Q
2454 4595 2537 4650 87.
2580 4596 2667 4663 88,
2717 4595 2873 4649 Paul.
2924 4601 3060 4650 sent.
3105 4596 3158 4651 V
3198 4597 3233 4649 6

351 4675 498 4725 sione
522 4674 580 4724 ui
600 4673 788 4725 eiectus
811 4680 903 4737 est,
937 4673 1078 4741 quod
1108 4673 1215 4724 eius
1248 4673 1293 4723 is
1317 4675 1441 4742 quei
1465 4672 1653 4725 eiectus
1680 4681 1755 4725 est
1828 4672 1858 4741 ξ
1894 4673 1942 4725 5.

346 4749 651 4820 possederit,
686 4750 825 4818 quod
846 4766 1008 4817 neque
1030 4750 1089 4802 ui
1106 4767 1270 4818 neque
1294 4751 1428 4802 clam
1454 4768 1617 4818 neque
1638 4767 1756 4818 pre·
1896 4748 1950 4814 3)
1982 4748 2113 4817 Ulp.
2150 4748 2218 4801 69
2259 4747 2324 4803 fr.
2362 4750 2391 4803 1
2437 4749 2467 4819 ξ
2493 4748 2665 4802 9-21
2707 4748 2759 4802 h.
2789 4754 2847 4815 t.,
2888 4747 3049 4803 Paul.
3093 4758 3232 4806 sent.

351 4828 500 4881 cario
519 4828 805 4895 possederit
823 4827 890 4878 ab
913 4843 989 4891 ee,
1009 4827 1129 4895 quei
1142 4843 1255 4879 eum
1280 4843 1343 4878 ea
1360 4828 1688 4894 possessione
1706 4829 1762 4879 ui
1827 4826 1881 4880 V
1918 4827 1952 4879 6
1995 4826 2026 4894 ἓ
2058 4827 2106 4879 3.
2149 4825 2198 4879 4.
2233 4826 2284 4893 6,
2327 4825 2457 4895 Ulp.
2493 4825 2561 4879 46
2601 4824 2666 4879 fn
2706 4827 2808 4881 195
2841 4825 2871 4895 ἓ
2904 4826 2938 4879 3
2970 4827 3040 4881 de
3075 4828 3142 4884 V.
3178 4828 3238 4885 S.

353 4906 617 4973 eiecfem'tl.
682 4901 983 4957 Seltsamer
1007 4902 1197 4956 Weise
1222 4902 1418 4956 nimmt
1439 4902 1756 4970 Rudorff,
1829 4904 1931 4969 (50.
1958 4903 2061 4967 16).

352 4981 417 5036 Ε.
453 4981 517 5035 Ρ.
552 4980 583 5051 5
617 4980 738 5049 241,
782 4979 873 5034 die
908 4980 1103 5034 Worte
1147 4979 1265 5048 „ab
1300 4995 1366 5034 eo
1400 4979 1495 5050 qui
1532 4996 1657 5034 eum
1691 4997 1759 5035 ea
1895 4979 1950 5045 4)
1994 4978 2123 5050 Vgl.
2168 4977 2432 5045 Keller,
2485 4984 2727 5035 semestr.
2772 4980 2802 5033 1
2847 4998 2899 5051 p.
2945 4982 3046 5037 311
3097 5000 3237 5055 sqq„

354 5057 702 5130 possessione
725 5056 784 5110 ui
809 5056 1016 5111 eiecit“
1044 5062 1180 5111 statt
1204 5057 1301 5112 des
1329 5056 1537 5128 obigen
1560 5074 1595 5111 a
1618 5063 1674 5112 te
1700 5057 1758 5111 in
1830 5056 2029 5110 dessen
2077 5056 2273 5110 hieher
2320 5056 2586 5127 geborige
2629 5056 3065 5131 Ausftihrungen
3104 5061 3235 5115 Ru-

355 5137 454 5190 das
490 5135 758 5190 Inter-dict
792 5132 906 5205 auf,
949 5135 1050 5189 das
1085 5134 1226 5189 doeh
1261 5135 1369 5189 den
1404 5134 1761 5205 Dejicienten
1830 5132 2022 5187 dorff
2074 5133 2203 5188 sehr
2261 5133 2362 5187 mit
2416 5134 2667 5189 Unreeht
2724 5151 2868 5206 ganz
2927 5137 3237 5194 unberiick·

355 5213 531 5269 direct
557 5212 847 5283 ansprach.
1829 5210 2061 5283 sichtigt
2085 5211 2237 5266 liisst.

2673 5301 2804 5366 224*
