3736 5919
505 378 635 443 310
1484 378 1623 436 Tit.
1669 376 1913 434 xxm.
2004 373 2039 449 ξ
2081 377 2222 435 181.
2266 374 2407 433 182.

850 546 1144 611 libertate
1181 567 1329 610 eum
1366 566 1495 609 non
1532 543 1730 609 fuisse
1767 553 1878 607 aut
1906 542 2052 607 dolo
2079 541 2249 606 malo
2287 541 2504 618 fuisse,
2543 540 2677 626 ipse
2707 539 2925 624 quide
2954 562 3073 605 sua
3097 539 3391 604 libertate

855 648 1062 735 litigat
1099 647 1292 713 debet
1328 670 1396 712 se
1432 647 1706 711 liberum
1741 645 2034 731 probare.

683 750 813 816 Die
839 751 1037 816 Form
1072 750 1278 815 dieses
1314 748 1842 814 vorbereitenden
1872 747 2385 827 Rechtestreits1)
2423 769 2554 811 war
2587 744 2756 810 wohl
2791 745 2957 810 ohne
2987 743 3249 810 Zweifel
3287 745 3393 809 die

512 854 625 920 des
650 853 1121 938 Priijudiciums
1158 852 1266 931 (an
1292 851 1671 937 Pamphilus
1707 852 1775 916 in
1809 851 2102 916 libertate
2138 851 2272 915 sine
2308 850 2454 914 dolo
2490 849 2659 915 malo
2695 848 2932 930 fuerit).
3004 848 3132 913 Die
3166 847 3393 914 W'orte

514 957 715 1036 „(hoc
759 961 932 1039 ante)
977 955 1150 1041 apud
1197 977 1374 1032 eum,
1429 955 1540 1037 qui
1594 953 1675 1019 de
1728 953 2019 1018 libertate
2073 952 2445 1039 cogniturus
2499 962 2623 1028 est,
2678 951 3170 1037 (disceptatur)“
3216 949 3391 1016 kann

510 1058 757 1145 Ulpian
793 1057 1354 1144 augenscheinlich
1388 1056 1568 1122 nicht
1604 1079 1674 1121 so
1711 1054 2129 1142 geschrieben
2165 1056 2401 1122 haben:
2448 1055 2541 1121 sie
2576 1054 2721 1119 sind
2756 1054 2897 1119 eine
2932 1054 3391 1139 Interpolation

513 1183 662 1227 vom
711 1159 1162 1247 Standpunkte
1216 1160 1329 1224 der
1383 1160 1546 1236 Zeit,
1599 1181 1700 1223 wo
1753 1159 1866 1224 der
1921 1159 2494 1244 Freiheitsprozess
2549 1169 2729 1223 extra
2781 1157 3068 1222 ordinem
3122 1156 3392 1241 erledigt

513 1262 751 1328 wurde.
841 1263 964 1329 Bei
998 1262 1243 1349 Ulpian
1277 1262 1446 1328 hiess
1483 1285 1551 1327 es
1590 1261 1786 1326 wohl:
1835 1261 1955 1326 hoc
1991 1274 2139 1326 ante
2164 1265 2546 1347 praeiudicio
2583 1260 2994 1346 disceptatur.

683 1366 765 1432 In
794 1365 1360 1449 Zusammenhang
1394 1365 1511 1428 mit
1536 1387 1793 1429 unserm
1820 1362 2015 1427 Edict
2050 1364 2257 1429 denke
2294 1364 2396 1429 ich
2433 1364 2553 1428 mir
2580 1363 2683 1429 die
2711 1363 3392 1446 Edictsbestimmung,

515 1490 641 1535 von
678 1469 792 1534 der
826 1467 1073 1554 Ulpian
1108 1469 1175 1533 in
1210 1468 1288 1532 fr.
1327 1468 1411 1531 39
1447 1467 1485 1551 ἓ
1521 1467 1563 1530 5
1599 1467 1680 1531 de
1715 1489 1968 1552 procur.
2009 1467 2096 1546 (3.
2137 1467 2204 1545 3)
2240 1465 2580 1532 berichtet:

860 1570 935 1637 Si
988 1583 1190 1635 status
1245 1569 1741 1635 controuersiam
1797 1569 1902 1634 cui
1956 1569 2147 1634 faciat
2199 1582 2590 1655 procurator,
2645 1569 2782 1634 siue
2837 1592 2916 1634 ex
2970 1566 3272 1633 seruitute
3323 1566 3390 1629 in

855 1674 1216 1739 libertatem
1262 1674 1571 1738 aduersus
1616 1695 1765 1738 eum
1809 1671 1953 1756 quis
2006 1672 2212 1758 litiget
2255 1672 2392 1739 siue
2437 1673 2573 1758 ipse
2621 1695 2700 1737 ex
2745 1672 3036 1736 libertate
3081 1670 3145 1735 in
3192 1668 3393 1734 serui-

859 1788 1061 1842 tutem
1116 1787 1319 1862 petat,
1384 1774 1576 1841 debet
1636 1797 1866 1840 cauere
1920 1787 2122 1840 ratam
2186 1797 2320 1840 rem
2380 1774 2709 1840 dominum
2753 1774 3121 1839 habiturum
3159 1822 3175 1837 .
3214 1786 3273 1837 et
3303 1772 3392 1836 ita

863 1880 1070 1945 edicto
1108 1879 1416 1965 scriptum
1452 1890 1568 1954 est,
1604 1891 1676 1942 ut
1711 1901 1790 1943 ex
1827 1892 2101 1962 utroque
2137 1877 2333 1943 latere
2370 1878 2553 1961 quasi
2588 1889 2764 1943 actor
2800 1876 3127 1942 habeatur.

820 2151 1002 2220 §181.
1084 2152 1166 2204 SI
1208 2151 1390 2212 QUIS
1430 2150 1539 2217 EI,
1591 2150 1729 2204 CUI
1767 2151 1982 2203 BONA
2028 2149 2218 2203 FIDE
2254 2150 2704 2215 SERUAEBAT,
2749 2149 3114 2203 DAMNUM

1589 2253 1932 2306 DEDISSE
1964 2253 2324 2306 DICETUR.

686 2409 843 2497 Ulp.
882 2409 1052 2494 55²),
1090 2407 1235 2475 Gai.
1273 2409 1358 2473 ad
1393 2409 1492 2475 ed.
1530 2432 1624 2494 pr.
1661 2409 1801 2474 urb.
1841 2409 1935 2473 tit.
1974 2408 2054 2474 de
2087 2408 2200 2474 lib.
2239 2430 2433 2473 causa
2470 2408 2605 2488 (lib.
2647 2409 2793 2490 2)³).

861 2511 1018 2597 Ulp.
1057 2511 1142 2576 55
1179 2512 1258 2577 fr.
1302 2513 1380 2575 12
1416 2512 1455 2595 ἓ
1490 2513 1531 2576 6
1568 2510 1629 2576 h.
1667 2523 1742 2575 t.:

865 2613 939 2679 Si
993 2614 1167 2698 quod
1222 2614 1528 2677 damnum
1581 2613 1738 2677 mihi
1791 2614 2065 2690 dederit,
2128 2615 2240 2698 qui
2293 2614 2376 2679 ad
2427 2614 2786 2680 libertatem
2839 2612 3218 2699 proclamat,
3281 2613 3392 2678 illo

862 2729 1166 2799 tempore,
1207 2737 1335 2799 quo
1382 2715 1554 2780 bona
1587 2715 1715 2781 fide
1751 2717 1907 2780 mihi
1945 2717 2260 2783 seruiebat
2267 2764 2788 2795 ..........
2824 2716 2890 2780 in
2927 2715 2992 2780 id
3028 2714 3183 2779 mihi
3238 2738 3392 2780 con-

865 2817 1288 2882 demnabitur.

516 2920 647 2986 Die
681 2919 941 2985 Formel
984 2942 1118 2985 war
1160 2919 1324 2986 nach
1373 2917 1520 2986 Gai.
1577 2920 1654 2985 fr.
1696 2922 1775 2986 13
1820 2944 1915 3008 pr.
1964 2921 2025 2986 h.
2063 2932 2107 2987 t.
2143 2921 2211 2987 in
2255 2922 2498 2988 factum
2543 2922 2871 3008 concipirt‚
2927 2920 3190 2987 enthielt
3235 2921 3393 2989 aber

516 3021 1043 3088 wahrscheinlieh
1081 3022 1256 3088 nicht
1292 3023 1393 3088 die
1432 3045 1556 3088 von
1595 3024 1956 3101 Rudorff‚
1995 3025 2074 3090 E.
2101 3026 2181 3090 P.
2219 3026 2258 3110 ἓ
2290 3027 2433 3102 181,
2472 3025 2885 3112 eingefiigten
2922 3025 3152 3092 Worte
3189 3026 3392 3103 „dolo

517 3126 739 3190 malo“
753 3150 770 3202 3
825 3125 992 3190 denn
1041 3147 1250 3212 gegen
1298 3127 1472 3192 diese
1517 3126 1901 3214 Einfiigung
1945 3129 2186 3215 spricht
2230 3128 2469 3193 sowohl
2507 3128 2609 3194 die
2655 3128 3232 3194 Ausdrucksweise
3278 3131 3392 3194 des

522 3226 729 3293 Gaius
754 3267 842 3276 —-
868 3228 1027 3292 illud
1063 3241 1307 3293 certum
1344 3242 1440 3294 est
1476 3266 1559 3276 —-
1597 3231 1689 3294 als
1727 3230 1890 3295 auch
1930 3231 2043 3295 der
2077 3255 2202 3297 von
2241 3231 2487 3317 Ulpian
2522 3231 2589 3295 in
2624 3230 2701 3295 fr.
2743 3232 2823 3296 12
2858 3231 2896 3315 ἓ
2932 3231 2973 3296 6
3010 3232 3393 3319 angefiihrte

522 3329 976 3415 Beispielsfall,
1013 3353 1112 3395 wo
1148 3354 1267 3417 gar
1301 3331 1451 3397 kein
1488 3332 1792 3397 damnum
1830 3333 1976 3398 dolo
2014 3335 2182 3398 malo
2219 3335 2437 3399 datum
2475 3335 2765 3420 vorliegt..

693 3433 953 3519 Wegen
997 3433 1111 3498 der
1150 3434 1663 3501 Geschworenen
1709 3436 1839 3521 vgl.
1877 3435 2065 3499 Paul.
2113 3437 2189 3500 fr.
2226 3438 2307 3500 41
2347 3437 2385 3521 ἓ
2426 3438 2456 3500 1
2498 3436 2560 3501 h.
2599 3450 2642 3501 t.
2687 3460 2749 3501 u.
2797 3437 2962 3502 oben
3000 3435 3070 3503 S.
3109 3437 3194 3501 20
3227 3462 3290 3502 n.
3328 3439 3389 3502 5.

624 3706 656 3775 §
690 3704 806 3759 182.
877 3708 962 3760 SI
994 3708 1192 3774 QUIS,
1234 3708 1408 3760 CUM
1434 3709 1534 3761 SE
1563 3708 1932 3762 LIBERUM
1958 3708 2151 3761 ESSE
2182 3708 2467 3774 SCJRED
2505 3710 2712 3762 DOLO
2747 3709 2960 3762 MALO
2995 3710 3284 3763 PASSUS

1277 3808 1464 3862 ERIT
1492 3809 1591 3863 SE
1623 3811 1771 3864 PRO
1805 3811 2060 3864 SERL'O
2105 3811 2399 3864 UENUM
2424 3812 2629 3864 DARI.

692 3962 848 4049 Ulp.
886 3964 1053 4047 55⁴),
1089 3964 1277 4030 Paul.
1314 3965 1481 4044 515).

693 4064 847 4151 Ulp.
887 4064 972 4129 55
1008 4066 1085 4131 fr.
1129 4067 1210 4130 14
1245 4089 1339 4151 pr.
1377 4069 1416 4151 ᾗ
1456 4070 1487 4132 1
1528 4068 1591 4132 h.
1628 4080 1703 4133 t.:

865 4167 1245 4233 Rectissime
1281 4182 1535 4254 praetor
1571 4171 1901 4236 calliditati
1937 4194 2187 4248 eorum,
2225 4171 2356 4255 qui,
2395 4194 2542 4237 cum
2578 4194 2646 4236 se
2679 4172 2913 4237 liberos
2951 4173 3212 4250 scirent,
3249 4174 3396 4238 dolo

864 4269 1095 4354 maloss)
1141 4272 1313 4357 passi
1358 4285 1504 4337 sunt
1549 4296 1619 4338 se
1665 4297 1779 4360 pro
1817 4273 2019 4340 seruis
2055 4274 2465 4351 uenumdari,
2510 4274 2801 4340 occurrit.
2887 4274 3090 4341 Dedit
3125 4276 3295 4340 enim
3330 4277 3395 4340 in

864 4394 976 4437 eos
1012 4373 1359 4451 actionem,
1405 4397 1571 4460 quae
1608 4377 1772 4441 actio
1809 4376 2039 4442 totiens
2074 4378 2288 4442 locum
2324 4376 2546 4454 habet,
2592 4376 2885 4462 quotiens
2920 4399 3051 4442 non
3087 4389 3184 4443 est
3218 4378 3283 4444 in
3320 4401 3398 4443 ea

865 4498 1061 4541 causa
1103 4476 1156 4541 is
1200 4477 1312 4562 qui
1355 4501 1424 4544 se
1470 4479 1687 4544 uenire
1739 4502 1967 4565 passus
2022 4490 2147 4555 est,
2202 4492 2273 4543 ut
2326 4479 2381 4544 ei
2437 4480 2521 4544 ad
2572 4474 2928 4546 libertatem
2984 4481 3400 4566 proclamatio

865 4579 1219 4666 denegetur
1254 4628 1271 4645 .
1309 4634 1323 4647 .
1364 4629 1381 4645 .
1421 4629 1438 4646 .

591 4792 644 4860 1)
663 4791 741 4844 Ει·
758 4791 968 4847 bildete
989 4792 1080 4846 dic
1098 4793 1495 4865 regelmiissige
1515 4794 1929 4863 Vorbereitung
2064 4795 2119 4861 4)
2143 4792 2232 4847 Fr.
2261 4793 2345 4860 14,
2374 4793 2457 4862 16,
2484 4794 2567 4861 18,
2591 4794 2678 4861 20,
2701 4793 2769 4846 22
2794 4792 2847 4846 b.
2874 4798 2913 4845 t.

459 4912 464 4915 .
523 4868 621 4923 des
645 4868 1236 4941 Freiheitsprozesses:
1262 4888 1307 4927 c.
1331 4872 1396 4925 14
1421 4873 1472 4927 h.
1499 4878 1556 4938 t„
1583 4888 1629 4926 c.
1652 4873 1687 4926 5
1711 4872 1780 4926 de
1807 4870 1923 4924 ord.
2064 4872 2117 4939 5)
2141 4870 2234 4923 Fr.
2260 4871 2343 4939 15,
2364 4871 2448 4939 17,
2470 4870 2535 4924 19
2560 4870 2611 4926 b.
2630 4876 2691 4937 t.,
2719 4869 2785 4923 fr.
2815 4871 2880 4924 76
2906 4870 2976 4923 de
2998 4870 3062 4924 V.
3088 4868 3143 4924 S.
3165 4871 3269 4934 (50.
3294 4871 3402 4939 16),

519 4961 678 5018 cogn.
704 4947 901 5017 (7.19),
930 4965 975 5003 c.
995 4949 1031 5002 4
1054 4964 1124 5004 ne
1153 4949 1224 5003 de
1252 4956 1401 5004 statu
1428 4950 1498 5010 (7.
1520 4951 1609 5018 21)
1632 4950 1746 5004 und
1774 4954 1929 5003 sonst
2002 4946 2067 5000 fr.
2106 4948 2209 5002 164
2241 4948 2312 5001 de
2345 4946 2416 5001 R.
2452 4948 2495 5000 Ι.
2533 4948 2636 5007 (50.
2671 4947 2772 5015 17).
2852 4946 2944 5001 Fr.
2980 4946 3081 5001 164
3113 4945 3206 5003 eit.
3246 4945 3400 5000 kann

519 5022 617 5078 ost.
1994 5025 2137 5078 auch
2163 5042 2232 5077 zu
2257 5026 2287 5094 ξ
2315 5025 2412 5079 181
2439 5025 2701 5096 gehssren.

588 5101 642 5168 2)
667 5101 759 5153 Fr.
787 5102 852 5155 12
879 5102 909 5172 §
934 5103 966 5156 6
990 5102 1043 5157 h.
1071 5109 1112 5157 t.
2061 5103 2114 5167 6)
2140 5102 2268 5173 Ulp.
2304 5103 2373 5156 55
2413 5101 2481 5154 fr.
2519 5101 2587 5155 14
2627 5102 2658 5172 ξ
2691 5104 2751 5171 2,
2794 5100 2863 5155 fr.
2900 5101 2966 5156 16
2997 5119 3080 5172 pr.
3117 5102 3149 5171 ἓ
3184 5102 3214 5157 1
3247 5098 3303 5156 h.
3337 5105 3398 5169 t.,

588 5178 642 5244 3)
668 5177 761 5232 Fr.
790 5180 858 5234 13
883 5181 935 5233 h.
963 5186 1003 5235 t.
1992 5179 2153 5234 Paul.
2181 5179 2247 5234 51
2274 5178 2340 5233 fr.
2370 5179 2436 5233 15
2459 5178 2512 5234 h.
2538 5183 2579 5233 t.
