3736 5919
555 435 637 477 xx
1543 411 1980 472 Uebersicht
2023 410 2142 471 des
2185 409 2454 470 Edicts.

2411 682 2420 690 .
2500 589 2881 726 {Ulplpm
2923 591 3088 727 aaz}
3136 630 3237 685 1u1.

990 783 1107 836 139.
1233 799 1246 834 ε
1282 780 1559 835 Arborum
1582 778 1775 833 furtim
1800 795 2101 835 caesarum.

623 903 838 959 XXIV.
1233 920 1246 953 :
1284 900 1382 955 De
1414 900 1559 953 iure
1593 904 2011 970 patronatus.

991 986 1105 1041 140.
1233 1006 1246 1040 :
1283 986 1372 1040 De
1398 985 1581 1056 operis
1606 984 1946 1039 libertorum.

988 1064 1104 1118 141.
1230 1083 1244 1118 ε
1283 1063 1345 1118 Si
1367 1063 1643 1134 ingenuus
1669 1077 1788 1116 esse
1815 1061 2045 1114 dicetur.

632 1184 815 1240 XXV.
1229 1203 1244 1237 ε
1280 1183 1379 1237 De
1412 1183 1733 1237 bonorum
1766 1179 2331 1251 possessionibus.

1204 1261 1272 1314 A.
1333 1259 1403 1314 Si
1435 1258 1715 1314 tabulae
1741 1257 2135 1311 testamenti
2162 1257 2484 1312 extabunt

1401 1353 1527 1389 non
1570 1335 1783 1389 minus
1825 1351 2019 1405 quam
2058 1335 2169 1390 vll
2212 1334 2483 1389 testium

1403 1412 1621 1483 signis
1654 1411 1986 1483 signatae.

987 1500 1104 1553 142.
1230 1518 1244 1553 :
1281 1498 1369 1553 De
1395 1498 1661 1553 bonorum
1675 1496 2021 1568 possessione
2042 1503 2233 1551 eontra
2248 1497 2482 1551 tabulas,
2523 1496 2687 1550 39-40
2764 1497 2830 1549 41
2957 1497 3024 1551 14
3151 1497 3221 1551 23

985 1577 1101 1632 143.
1229 1594 1242 1629 :
1284 1575 1373 1630 De
1416 1575 1615 1647 legatis
1657 1574 2006 1645 praestandis
2039 1581 2231 1629 contra
2265 1574 2485 1629 tabulas

1402 1653 1668 1707 bonorum
1693 1651 2038 1723 possessione
2064 1651 2259 1720 petita.

987 1731 1103 1784 144.
1232 1748 1246 1782 :
1284 1729 1373 1784 De
1400 1727 1692 1784 collatione
1718 1729 1999 1782 bonorum.

987 1809 1105 1863 145.
1230 1825 1244 1859 ε
1281 1805 1370 1860 De
1396 1805 1543 1860 dotis
1567 1805 1876 1859 collatione.

985 1887 1103 1941 146.
1232 1902 1245 1937 :
1282 1882 1372 1937 De
1451 1881 1852 1953 coniungendis
1932 1898 2057 1935 cum
2137 1881 2485 1952 emancipato

1401 1958 1592 2014 liberis
1617 1959 1753 2012 eius.

986 2039 1102 2094 147.
1229 2056 1242 2090 :
1280 2036 1370 2091 De
1394 2042 1586 2091 uentre
1612 2035 1669 2088 in
1699 2034 2103 2105 possessionem
2135 2035 2405 2091 mittendo
2430 2041 2486 2090 et

1404 2118 1655 2169 curatore
1682 2112 1814 2166 eius.

986 2193 1102 2247 148.
1231 2210 1245 2245 ε
1282 2189 1541 2244 Edictum
1566 2188 1988 2243 Carbonianum.

985 2270 1101 2324 149.
1228 2288 1243 2322 ε
1281 2268 1371 2321 De
1437 2267 1705 2321 bonorum
1767 2264 2116 2336 possessione
2181 2266 2484 2321 secundum

1401 2342 1639 2398 tabulas.

985 2425 1102 2478 150.
1230 2440 1244 2475 ε
1282 2421 1371 2475 De
1396 2419 1555 2474 bonis
1578 2418 1919 2473 libertorum.

985 2502 1102 2555 151.
1229 2518 1243 2552 :
1283 2498 1342 2553 Si
1367 2497 1501 2568 quid
1524 2495 1582 2548 in
1614 2495 1868 2549 fraudem
1897 2496 2117 2565 patroni
2151 2495 2360 2551 factum
2393 2495 2480 2549 sit.

982 2579 1101 2632 152.
1230 2594 1244 2629 :
1284 2577 1370 2628 Dc
1393 2575 1567 2627 liberis
1584 2574 1818 2642 patroni.

983 2655 1102 2709 153.
1231 2670 1244 2705 ε
1286 2650 1790 2780 ριιίῦἇιὲωῗοηονυηι
1840 2651 2100 2718 possessio
2156 2651 2329 2705 liberti
2379 2670 2484 2703 non

985 2808 1103 2862 154.
1232 2823 1246 2859 :
1283 2803 1345 2859 Si
1369 2820 1404 2858 a
1428 2809 1660 2874 parente
1685 2803 1810 2874 quis
1834 2803 2200 2859 manumissus
2223 2805 2313 2859 sit.

985 2887 1102 2939 155.
1233 2900 1246 2913 ·
1280 2880 1370 2935 De
1397 2880 1663 2935 bonorum
1690 2881 2037 2951 possessione
2062 2897 2130 2935 ex
2153 2886 2484 2937 testamento

1202 3035 1267 3088 B.
1328 2958 1733 3091 Simtlgtbsulae
1800 3036 2195 3090 testamenti
2258 3037 2483 3092 nullae

1401 3129 1430 3167 e
1443 3116 1552 3166 xta
1563 3112 1598 3167 b
1612 3117 1742 3167 unt.

985 3190 1102 3243 156.
1231 3208 1245 3243 :
1292 3192 1333 3243 I.
1330 3191 1442 3243 nde
1466 3191 1627 3242 lilbere

986 3265 1104 3319 157.
1232 3286 1245 3320 :
1294 3268 1442 3320 anle
1466 3267 1690 3334 Ieyaetimi.

987 3342 1103 3395 158.
1232 3363 1245 3397 ε
1293 3345 1441 3402 L'ncle
1467 3345 1688 3412 coynati.

986 3420 1102 3473 159.
1234 3439 1247 3474 ε
1293 3423 1443 3474 Unde
1466 3420 1674 3487 familia
1692 3422 1927 3490 patroni.

986 3497 1103 3550 160.
1233 3517 1246 3552 :
1293 3500 1443 3552 Unde
1461 3508 1723 3568 patronus
1741 3499 1974 3567 patroni.

988 3575 1103 3628 161.
1232 3593 1245 3628 :
1294 3577 1443 3628 Lnde
1472 3577 1553 3629 uir
1576 3585 1623 3628 et
1650 3593 1797 3627 uxor.

986 3652 1102 3706 162.
1231 3670 1244 3705 :
1292 3653 1440 3705 Unde
1464 3671 1492 3705 c
1495 3653 1676 3721 aquati
1695 3654 2106 3705 manumissoris.

1205 3726 1265 3782 C.
1327 3732 1684 3783 Clausulas
1713 3732 2070 3798 ρεπεν-αἶρε.

985 3806 1102 3860 163.
1231 3824 1244 3860 :
1283 3806 1498 3871 Quibus
1558 3822 1664 3859 non
1717 3806 1985 3875 competit
2041 3806 2306 3861 bonorum
2358 3824 2480 3878 pos·

984 3961 1101 4015 164.
1228 3979 1245 4014 ε
1282 3960 1363 4018 Ut
1387 3898 1690 4030 gssingus
1712 3965 2007 4015 senatusue
2028 3959 2294 4016 consultis
2315 3960 2480 4015 bono-

1402 4053 1520 4090 rum
1545 4037 1820 4106 possessio
1845 4038 2021 4091 detur.

988 4116 1104 4168 165.
1230 4132 1244 4167 :
1284 4113 1696 4169 Successorium
1721 4113 1977 4168 edictum.

621 4239 833 4295 XXVI.
1232 4253 1245 4287 ε
1283 4234 1381 4288 De
1414 4233 1865 4288 testamentis.

986 4320 1103 4374 166.
1233 4338 1246 4373 :
1284 4320 1374 4375 De
1401 4319 1815 4374 condicionibus
1839 4319 2262 4374 institutionum.

987 4396 1104 4450 167.
1232 4416 1245 4450 ε
1284 4397 1648 4452 Testamenta
1671 4397 2136 4466 quemadmodum
2164 4397 2484 4470 aperiantur

1402 4473 1768 4545 inspiciantur
1792 4480 1849 4528 et
1874 4473 2275 4529 describantur.

988 4550 1102 4604 168.
1231 4571 1244 4604 :
1283 4551 1344 4606 Si
1370 4551 1496 4620 quis
1521 4550 1724 4605 omissa
1749 4567 1919 4605 causa
1949 4551 2266 4605 testamenti
2303 4551 2376 4605 ab
2402 4551 2480 4604 in-

1399 4633 1603 4682 testato
1658 4628 1750 4682 uel
1805 4628 1916 4682 alio
1972 4627 2136 4681 modo
2199 4627 2484 4699 possideat

1402 4705 1784 4759 hereditatem.

983 4781 1103 4836 169.
1229 4801 1242 4836 :
1280 4782 1371 4837 Ad
1413 4786 1636 4837 senatus
1685 4781 1994 4836 consultum
2037 4780 2379 4835 Silanianum
2428 4789 2481 4835 et

1399 4859 1794 4913 Claudianum:
1862 4873 2094 4928 quorum
2148 4863 2482 4913 testamenta

1398 4952 1467 4990 ne
1493 4937 1829 5007 aperiantur.

596 5051 841 5107 XXVII.
1228 5066 1243 5101 ε
1281 5047 1378 5101 De
1412 5046 1680 5118 legatis.

984 5132 1101 5187 170.
1229 5152 1243 5186 :
1280 5134 1346 5187 Si
1365 5152 1428 5186 ex
1453 5142 1749 5185 testamento
1775 5141 1982 5200 affatur.

984 5212 1100 5267 171.
1228 5229 1242 5263 ε
1288 5211 1357 5263 Ut
1382 5227 1506 5263 usus
1528 5208 1733 5275 fructus
1758 5209 1964 5260 nomine
1988 5218 2253 5261 caueatur.

2575 778 2643 831 38
2764 777 2833 830 39
2958 780 3025 833 13
3319 777 3424 831 268

2574 897 2643 951 38
2765 898 2835 950 40
2959 900 3024 952 14
3152 899 3221 952 22
3318 897 3421 950 269

2574 983 2644 1036 38
2764 983 2834 1035 40
2959 984 3024 1040 14
3153 984 3222 1037 22
3317 982 3420 1036 269

2576 1060 2643 1113 38
3318 1061 3418 1113 271

2523 1181 2685 1234 39-49
2713 1179 2877 1233 41-44
2907 1180 3064 1234 14-17
3101 1180 3265 1234 23-28
3317 1179 3420 1232 272

2574 1410 2642 1463 39
3152 1411 3223 1466 23
3319 1410 3423 1464 272

3318 1496 3421 1550 273

2572 1650 2644 1704 40
2764 1651 2831 1705 41
3153 1653 3223 1705 23
3318 1650 3420 1703 274

2572 1728 2641 1780 40
2762 1727 2829 1781 41
3152 1729 3222 1783 23
3316 1727 3422 1780 274

2574 1803 2645 1856 40
2956 1804 3024 1859 14
3315 1805 3419 1857 275

2574 1957 2644 2011 40
2763 1958 2830 2011 41
3315 1959 3420 2013 276

2573 2113 2639 2166 41
2765 2114 2832 2166 41
2956 2113 3022 2168 14
3151 2114 3220 2168 24

2577 2190 2642 2243 41
2764 2190 2832 2246 41
3152 2192 3223 2244 24

2557 2345 2629 2413 44
2764 2344 2831 2398 41
2957 2345 3024 2398 15
3151 2346 3220 2398 24

2522 2419 2696 2473 4243
2764 2420 2834 2472 42
2957 2422 3024 2474 15
3100 2424 3184 2477 25.
3205 2423 3273 2476 26

2574 2496 2644 2550 44
2764 2497 2832 2550 42
3152 2500 3222 2553 26

2573 2574 2644 2627 44
2957 2575 3024 2629 15
3153 2577 3222 2630 26

2575 2729 2643 2782 45
2764 2728 2833 2781 42
3154 2732 3221 2785 26

2574 2805 2645 2859 45
2956 2807 3024 2860 15

2575 2962 2644 3015 45
2764 2959 2834 3014 43
2957 2962 3023 3015 15
3152 2962 3219 3016 27

2573 3113 2642 3166 46
3009 3134 3016 3140 ’

2574 3189 2642 3242 46
3151 3191 3220 3244 27

2573 3267 2642 3319 46
2763 3268 2833 3320 43
3151 3268 3218 3321 27

2573 3343 2643 3397 46
2955 3345 3022 3399 16
3151 3345 3219 3399 27

2571 3421 2640 3474 46
2956 3424 3023 3477 16
3151 3422 3220 3475 27

2572 3575 2638 3629 47

2573 3653 2640 3706 47

2572 3884 2641 3938 48
2763 3885 2832 3938 44
3151 3886 3220 3940 28

2573 4038 2640 4090 49
2956 4039 3021 4092 17

2573 4113 2639 4168 49
2755 4116 2825 4170 44
3150 4116 3220 4171 28

2573 4234 2642 4288 50
2709 4237 2794 4290 45.
2814 4236 2882 4290 46
2955 4235 3020 4290 17
3109 4236 3268 4291 29-31

2573 4322 2642 4375 50
2762 4322 2832 4376 45
3150 4322 3217 4376 31

2572 4475 2641 4529 50
2761 4475 2832 4529 45
2953 4476 3019 4529 17
3149 4477 3216 4531 31

2571 4707 2640 4760 50
2759 4705 2829 4760 45
2954 4706 3018 4759 17
3150 4707 3216 4761 31

2571 4937 2640 4990 50
2761 4937 2829 4990 46
2952 4938 3018 4991 17

2518 5050 2602 5103 51.
2623 5049 2691 5103 52
2707 5048 2791 5105 47.
2810 5048 2881 5102 48
2950 5048 3018 5103 18
3098 5049 3263 5105 32-40

2570 5135 2633 5187 51
2757 5134 2825 5188 47
3150 5136 3219 5188 33

2569 5211 2634 5263 51
2757 5210 2824 5263 47
3149 5211 3218 5264 38

3317 2115 3421 2169 276

3316 2192 3419 2245 277

3316 2347 3419 2399 277

3317 2423 3420 2475 278

3317 2499 3422 2554 280

3316 2577 3421 2630 282

3317 2730 3421 2784 282

3317 2808 3420 2863 282

3317 2963 3422 3017 283

3317 3114 3422 3169 283

3318 3192 3422 3245 283

3317 3269 3425 3323 284

3316 3347 3422 3400 285

3317 3425 3421 3477 285

3316 3502 3421 3555 286

3316 3578 3419 3632 287

3316 3656 3419 3709 287

3316 3733 3421 3785 288

3317 3887 3422 3941 288

3315 4042 3420 4096 288

3315 4119 3419 4173 289

3315 4239 3419 4292 289

3315 4325 3423 4379 290

3314 4478 3420 4532 290

3313 4710 3416 4764 291

3313 4941 3419 4995 292

3314 5054 3420 5107 293

3312 5139 3419 5193 295

3312 5214 3421 5269 296
