3736 5919
1576 433 1923 511 Register.

315 584 611 650 Damnum
635 595 906 650 infectum
927 597 1014 650 42.
1040 596 1159 650 299.
1187 596 1304 650 433.

315 673 598 728 Damnum
623 673 824 727 iniuria
849 673 1040 726 datum
1067 674 1182 728 156.

315 750 469 804 Dare
494 755 750 822 oportere
776 751 891 805 190.

315 827 597 882 Deductio
644 827 739 882 bei
781 828 927 882 actio
966 827 1252 881 Rutiliana
1293 827 1406 881 und
1449 826 1720 882 Seruiana

316 982 388 1036 de
413 981 819 1036 Defensoribus
845 982 925 1035 70.
953 981 1035 1039 72.
1061 982 1143 1036 81.

315 1058 890 1114 Deliberationsrecht
914 1059 1013 1112 des
1036 1059 1224 1114 Erben
1255 1060 1374 1114 335.

314 1135 681 1191 Denuntiatio
706 1136 820 1190 litis
844 1137 921 1191 im
938 1137 1445 1209 Evictionsprozess
1464 1137 1583 1191 426.
1599 1137 1717 1191 446.

315 1213 648 1284 Depositum
671 1215 792 1269 230.

315 1290 604 1346 Desistere
628 1291 713 1346 87.

314 1368 387 1422 de
412 1368 667 1423 Diuersis
691 1373 920 1439 tempor.
949 1368 1271 1439 praescript.
1298 1368 1417 1422 403.

316 1445 387 1499 de
413 1445 559 1499 Dolo
583 1446 729 1500 malo
754 1446 838 1500 92.
910 1445 1202 1516 Exceptio:
1239 1447 1357 1500 405.

316 1521 779 1593 Doppelformeln
803 1523 921 1577 200.
948 1523 1066 1579 201.
1092 1524 1209 1576 230.
1236 1524 1354 1577 233.
1382 1523 1501 1577 236.

315 1598 481 1653 Dotis
506 1600 728 1654 collatio
752 1600 869 1654 275.

316 1676 467 1731 Duci
492 1677 626 1731 ferri
651 1677 845 1732 iubere
873 1678 989 1731 106.

313 1753 522 1809 Ductio
548 1754 646 1808 des
669 1753 948 1809 iudicatus
972 1754 1089 1807 328.

316 1831 527 1885 Ductio
550 1831 627 1884 im
652 1830 1127 1886 Noxalverfabren
1153 1831 1268 1885 125.

315 1908 539 1978 Duplae
564 1907 849 1979 stipulatio
873 1910 991 1963 445.
1017 1908 1135 1962 424.
1160 1908 1280 1963 441.

316 1984 615 2040 Duumuiri
639 1987 723 2040 41.

317 2216 389 2270 de
412 2205 656 2272 Edendo
679 2217 764 2270 48.

315 2292 513 2346 Edicto
540 2292 678 2347 iiber
702 2290 1052 2363 Civilklagen
1075 2293 1157 2346 85.
1184 2292 1301 2346 270.

316 2369 691 2440 Edictsystem
717 2369 799 2424 12.
823 2370 907 2425 23.

316 2446 576 2501 Edictum
601 2446 1012 2501 Carbonianum
1035 2447 1152 2502 277.

418 2555 487 2565 —
599 2524 998 2580 successorium
1021 2526 1141 2579 289.

315 2601 504 2656 Editio
527 2602 761 2657 actionis
784 2603 868 2656 48.

316 2678 770 2750 Editionspflicht
794 2680 894 2734 der
918 2679 1291 2751 Argentarien
1315 2681 1399 2735 50.

314 2756 509 2811 Effusa
532 2757 647 2812 und
672 2756 892 2813 deiecta
918 2758 1032 2812 132.

316 2833 425 2888 Eid
476 2836 593 2888 116.
657 2836 773 2889 188.
832 2835 949 2891 247.
1009 2835 1130 2889 406.
1229 2834 1568 2907 Bedingung
1621 2834 1721 2889 des

528 2911 664 2965 Eids
687 2912 802 2967 290.

316 2989 507 3060 Empti
532 2990 744 3043 uenditi
770 2992 888 3045 239.

313 3068 386 3122 de
411 3066 512 3137 Eo,
548 3084 647 3137 per
670 3085 834 3137 quem
860 3067 1069 3122 factum
1096 3066 1218 3136 erit,
1252 3085 1362 3138 quo
1388 3068 1567 3122 minus
1592 3069 1720 3137 quis

521 3145 895 3199 uadimonium
921 3147 1099 3214 sistat,
1125 3146 1206 3200 67.

316 3223 385 3277 de
452 3223 563 3291 Eo,
640 3223 735 3292 qui
810 3239 912 3293 pro
988 3228 1168 3278 tutore
1235 3223 1463 3295 negotia
1528 3222 1721 3294 gessit,

314 3377 386 3431 de
409 3376 510 3446 Eo,
536 3377 684 3448 quod
711 3383 859 3431 certo
884 3378 1006 3432 loco
1031 3377 1150 3431 dari
1178 3383 1411 3447 oportet,
1439 3377 1557 3432 191.

314 3453 514 3508 Euicta
538 3453 849 3508 hereditate
874 3455 1066 3524 legata
1088 3454 1247 3509 reddi
1270 3454 1389 3508 419.

312 3528 570 3583 Eviction
594 3530 711 3584 423.
737 3531 853 3584 445.

314 3606 399 3660 Ex
447 3605 649 3674 quibus
693 3607 872 3660 causis
914 3608 1149 3662 maiores
1190 3608 1358 3663 XXV
1401 3607 1560 3661 annis
1601 3607 1635 3662 i.
1682 3607 1717 3662 i.

523 3680 883 3736 restituuntur
906 3685 988 3737 96.

316 3759 693 3828 Exceptionen
717 3759 799 3814 37.
825 3762 945 3814 399.

314 3834 711 3904 Exceptionen,
739 3835 1012 3891 einzelne:

737 3911 952 3966 annalis
975 3913 1095 3966 525.
1122 3913 1241 3967 403.

737 3989 953 4042 annalis
978 3989 1160 4043 Italici
1187 3994 1498 4044 contractus
1521 3991 1638 4045 403.

737 4064 831 4119 bei
855 4065 1537 4135 Argentariercontracten
1560 4068 1679 4121 401.

741 4140 1047 4211 cognitoria
1073 4140 1154 4195 75.
1182 4142 1300 4196 401.

742 4216 854 4271 doli
879 4218 1010 4271 mali
1033 4219 1150 4273 405.

737 4293 1091 4350 iurisiurandi
1117 4296 1233 4351 117.
1260 4295 1376 4350 406.

737 4369 879 4441 legis
905 4369 1132 4427 Cinciae
1160 4374 1279 4428 406.

738 4447 880 4518 legis
903 4449 1218 4505 Plaetoriae
1242 4451 1359 4505 406.

738 4523 853 4578 litis
879 4525 1139 4582 diuiduae
1163 4527 1281 4582 400.

735 4603 934 4657 mercis
958 4620 1067 4657 non
1091 4605 1332 4659 traditae
1355 4604 1475 4658 402.

736 4686 916 4734 metus
939 4682 1058 4735 405.

735 4756 947 4827 negotii
972 4756 1028 4810 in
1054 4757 1177 4812 alea
1202 4758 1347 4829 gesti
1371 4758 1489 4813 135.
1515 4758 1632 4812 406.

735 4833 1049 4888 onerandae
1072 4834 1348 4890 libertatis
1369 4834 1489 4889 270.
1516 4834 1638 4889 406.

734 4908 887 4978 pacti
910 4912 1167 4966 conuenti
1190 4913 1313 4967 400.

733 4986 1005 5056 pecuniae
1030 4993 1295 5058 pensatae
1319 4988 1438 5043 402.

732 5062 1149 5131 praeiudicialis
1171 5065 1292 5120 403.

729 5140 1111 5208 procuratoria
1145 5142 1224 5196 78.
1259 5142 1380 5197 401.
1414 5141 1569 5196 413⁵.
1594 5141 1712 5195 421.

732 5215 1120 5271 redhibitionis
1143 5219 1261 5273 402.

3063 431 3188 497 451

1787 597 2184 669 Exceptionen,
2211 597 2485 653 einzelne:

1963 707 2028 716 —
2201 675 2283 728 rei
2307 675 2586 730 iudicatae
2612 676 2702 730 uel
2726 675 2784 730 in
2807 676 3071 732 iudicium
3096 678 3194 732 de·

2288 758 2488 810 ductae
2511 756 2627 809 403.

2212 835 2292 889 rei
2317 833 2597 904 litigiosae
2621 834 2740 887 406.

2212 912 2294 966 rei
2317 912 2571 965 residuae
2595 911 2712 964 400.

2213 988 2295 1043 rei
2317 987 2577 1042 uenditae
2604 992 2659 1041 et
2682 986 2921 1040 traditae
2945 986 3064 1041 405.

2214 1071 2437 1120 senatus
2463 1064 2694 1118 consulti
2718 1064 2838 1118 406.

2214 1143 2261 1198 si
2329 1143 2453 1213 quis
2520 1140 2848 1196 uadimoniis
2917 1157 3024 1194 non
3097 1141 3192 1195 ob-

2289 1220 2682 1290 temperauerit
2705 1219 2822 1273 400.

2213 1297 2448 1350 uitiosae
2497 1296 2858 1366 possessionis
2906 1296 3024 1351 371.
3072 1296 3192 1350 372.

2289 1374 2441 1427 3777.

1790 1451 2094 1506 Execution
2119 1450 2200 1504 34.
2228 1452 2331 1504 325
2355 1449 2472 1521 fgg.

1790 1528 2132 1583 Exercitoria
2157 1527 2304 1581 actio
2326 1528 2446 1581 203.

1793 1606 1867 1659 ad
1893 1603 2280 1659 Exhibendum
2307 1605 2421 1658 172.

1792 1681 2073 1751 Expressa
2096 1697 2265 1734 causa
2287 1680 2379 1735 bei
2407 1678 2844 1735 Condictionen‘?
2882 1681 2997 1735 187.

1791 1758 2058 1812 Exsilium
2084 1758 2201 1812 338.

1792 1834 2246 1888 Extraordinaria
2270 1833 2512 1904 cognitio
2538 1834 2613 1886 im
2638 1833 2839 1889 Edict‘?
2874 1837 2954 1890 11.

1793 2056 2057 2119 Fabiana
2080 2062 2227 2118 actio
2250 2063 2367 2117 280.

1792 2143 1992 2197 Falsus
2016 2146 2165 2195 tutor
2187 2141 2272 2194 99.
2299 2140 2418 2194 254.

1792 2218 2062 2273 Familiae
2088 2217 2444 2271 erciscundae
2471 2218 2586 2271 162.

1794 2295 1863 2349 de
1888 2294 2047 2348 Feris
2070 2295 2189 2347 444.

1792 2371 1955 2426 Ficta
1978 2370 2252 2441 possessio
2277 2371 2396 2425 173.

1792 2447 2013 2502 Fiction
2037 2446 2085 2500 si
2108 2447 2252 2502 liber
2276 2452 2423 2501 esset
2445 2446 2565 2500 207.

1789 2523 2012 2578 Fiction
2066 2540 2173 2577 von
2219 2522 2650 2594 Legisactionen
2706 2523 2807 2576 159
2817 2526 2857 2577 3.
2907 2523 3023 2577 295.
3077 2522 3196 2577 313.

1788 2678 2243 2733 Fideicommisse
2286 2677 2360 2731 im
2404 2677 2570 2731 Edict
2614 2678 2696 2731 11.
2734 2676 2849 2731 143.
2883 2677 3036 2731 2909.
3074 2678 3196 2733 293.

1995 2754 2149 2808 2971.
2173 2760 2213 2806 8.
2241 2755 2396 2808 3632.
2423 2755 2605 2808 42011.
2632 2753 2789 2807 422³.

1791 2834 1861 2888 de
1885 2831 2240 2886 Fideiussore
2266 2837 2323 2885 et
2346 2847 2609 2901 sponsore
2637 2831 2751 2886 167.

1788 2909 2028 2965 Fiducia
2049 2910 2166 2965 232.

1790 2988 2014 3043 Finium
2038 2987 2412 3059 regundorum
2441 2988 2558 3041 166.

1789 3067 1986 3120 Fiscus
2009 3066 2177 3131 (bona
2200 3065 2480 3130 uacantia)
2506 3065 2623 3119 334.
2653 3063 2726 3119 cf.
2754 3064 2871 3119 338.

1791 3145 1861 3199 de
1887 3142 2234 3197 Fluminibus
2260 3141 2598 3208 (interdicta)
2623 3142 2744 3196 368.

1790 3222 1860 3277 de
1885 3219 2233 3274 Fluminibus
2257 3220 2504 3274 retandis
2527 3220 2681 3273 3701.

1791 3300 1861 3353 de
1888 3298 2065 3352 Fonte
2090 3297 2209 3350 385.

1790 3376 1995 3430 Forma
2016 3371 2412 3427 iurisdictionis
2436 3372 2554 3425 275.
2582 3371 2684 3424 407
2695 3376 2736 3424 4.

1791 3451 2054 3507 Formula
2077 3449 2371 3505 arbitraria
2397 3466 2439 3501 s.
2468 3447 2616 3501 actio
2642 3446 2961 3515 arbitraria3
2991 3447 3084 3502 bei
3110 3448 3200 3502 In·

2136 3527 2410 3581 terdicten
2435 3525 2552 3579 358.

1894 3639 1960 3648 -
2069 3601 2498 3674 interrogatoria
2526 3602 2641 3655 114.
2671 3601 2784 3656 127.
2812 3602 2965 3656 3034.

1894 3718 1958 3727 -
2066 3682 2378 3738 Octauiana
2400 3681 2464 3732 91
2480 3686 2518 3732 1.

2066 3757 2324 3830 petitoria
2350 3757 2467 3810 145.

2066 3836 2350 3891 Rutiliana
2374 3834 2492 3888 344.

2068 3913 2340 3969 Seruiana
2362 3912 2479 3966 349.

1786 3994 2080 4050 Formulae
2104 3992 2161 4045 in
2185 3990 2270 4044 ius
2296 3989 2409 4043 und
2434 3987 2491 4041 in
2516 3985 2724 4041 factum
2749 3991 3051 4056 conceptae
3075 3987 3196 4041 200.

1995 4071 2112 4124 201.
2138 4069 2257 4122 230.
2284 4066 2403 4120 233.
2432 4065 2550 4119 236.

1792 4149 1862 4203 de
1890 4146 2170 4219 Fugitiuis
2195 4146 2277 4198 43.

1790 4226 1859 4280 de
1886 4223 2072 4278 Furtis
2099 4223 2218 4277 258.

1792 4441 2175 4508 Gestandniss
2199 4451 2318 4505 329.
2346 4449 2463 4504 332.

1791 4529 1860 4584 de
1888 4528 2107 4585 Glande
2133 4526 2375 4599 legenda
2400 4527 2516 4580 390.

1790 4751 2150 4815 Hereditatis
2176 4754 2375 4826 petitio
2401 4750 2581 4808 ciuilis
2606 4750 2725 4808 137.

2167 4825 2680 4887 fideicommissaria
2705 4826 2822 4880 143.

2163 4906 2502 4980 possessoria
2529 4906 2644 4960 141.

1937 4987 2068 5055 His,
2150 4985 2246 5057 qui
2329 4981 2644 5051 deiecerintj
2712 4979 2806 5034 uel
2883 4976 3196 5044 effuderint,

1784 5143 1856 5197 de
1882 5065 2122 5195 Honlii33e
2147 5139 2324 5194 libero
2350 5135 2661 5192 exhibendo
2685 5132 2807 5191 390.

1787 5216 2212 5290 Hypothecaria
2237 5216 2384 5271 actio
2407 5216 2526 5270 395.
2633 5298 2717 5363 29
2731 5299 2765 5332 ξ

1785 4991 1855 5044 de
