3736 5919
531 373 662 438 448
1150 374 1669 435 Verzeichniss
1714 372 2202 435 fehlerhafter
2242 373 2808 454 Inscriptiouen.

2049 600 2242 640 Fal-eho

2007 669 2283 718 Inscription

540 778 632 834 Fr.
657 780 693 832 4
716 778 787 832 de
811 777 864 831 b.
890 794 946 847 p.
974 795 1014 831 s,
1041 781 1077 831 t.
1105 777 1206 837 (37.
1236 778 1320 844 11)
1843 776 1979 847 Ulp.
2004 775 2299 830 XXXXII

420 872 429 879 ·
538 856 633 909 Fr.
660 856 694 909 3
719 854 789 909 de
814 854 941 907 bon.
968 852 1064 907 lib.
1092 853 1195 919 (38.
1222 854 1276 917 2)
1842 852 1972 923 Ulp.
2001 852 2255 906 XXXXI

538 932 630 985 Fr.
658 934 687 986 1
714 931 760 984 si
784 931 897 985 tab.
923 936 1046 984 test.
1073 929 1257 983 nullae
1283 930 1384 995 (38.
1412 929 1466 997 6)
1845 929 1972 997 Ulp.
1997 928 2351 983 XXXXIIII

539 1009 632 1063 Fr.
662 1009 726 1062 17
753 1008 821 1061 de
846 1023 895 1061 0.
923 1024 976 1061 ιι.
1002 1024 1053 1060 ιι.
1083 1007 1185 1073 (39.
1208 1008 1261 1074 1)
1842 1006 2005 1061 Paul.
2033 1006 2198 1062 LVII

539 1086 633 1140 Fr.
659 1086 725 1139 21
752 1085 822 1139 de
846 1100 896 1138 0.
922 1101 974 1138 ιι.
1000 1102 1053 1139 ιι.
1079 1084 1182 1151 (39.
1210 1085 1261 1151 1)
1843 1082 1974 1153 Ulp.
2003 1082 2230 1137 LXXX

539 1163 631 1217 Fr.
655 1163 689 1215 2
716 1162 786 1216 de
810 1161 925 1217 reb.
953 1166 1097 1216 auct.
1123 1160 1235 1215 iud.
1262 1159 1364 1227 (42.
1383 1160 1437 1225 5)
1844 1159 2003 1214 Paul.
2029 1159 2198 1213 LIIII

539 1240 630 1293 Fr.
660 1240 727 1294 13
747 1238 870 1293 eod.
1845 1235 1972 1291 Gai.
2002 1236 2209 1290 XXIII

542 1316 632 1370 Fr.
660 1317 691 1369 1
716 1332 788 1369 ne
812 1315 901 1369 uis
924 1313 1025 1369 fiat
1048 1314 1102 1369 ei
1128 1314 1229 1381 (43.
1256 1314 1310 1379 4)
1845 1314 1975 1384 Ulp.
2002 1312 2230 1367 LXXII

540 1393 631 1447 Fr.
658 1394 693 1446 5
717 1393 787 1447 de
810 1392 931 1446 itin.
958 1396 1197 1462 actuque
1223 1390 1325 1457 (43.
1353 1392 1439 1459 19)
1844 1390 1974 1461 Ulp.
2003 1390 2118 1444 XX

542 1470 632 1524 Fr.
659 1471 694 1523 5
717 1469 866 1538 quod
892 1468 950 1522 ui
975 1473 1073 1523 aut
1096 1468 1241 1522 clam
1264 1469 1365 1535 (43.
1390 1468 1479 1536 24)
1844 1467 1976 1537 Ulp.
2005 1467 2172 1521 LXX

542 1547 631 1601 Fr.
660 1547 725 1601 17
751 1547 900 1617 quod
922 1546 983 1600 ui
1006 1550 1103 1599 aut
1126 1545 1268 1599 clam
1293 1545 1395 1609 (43.
1420 1546 1509 1613 24)
1845 1545 2003 1599 Idem
2027 1542 2312 1599 LXVIIII

541 1625 632 1679 Fr.
657 1625 692 1679 2
716 1624 786 1678 de
813 1622 961 1678 Salu.
989 1621 1186 1676 interd.
1214 1622 1316 1685 (43.
1342 1622 1429 1688 33)
1845 1621 1974 1692 Ulp.
2001 1621 2168 1674 LXX

542 1699 634 1754 Fr.
660 1702 695 1754 4
720 1701 790 1755 de
815 1716 930 1755 exc.
958 1718 999 1755 r.
1024 1699 1137 1753 iud.
1164 1700 1266 1764 (44.
1292 1699 1347 1765 2)
1848 1698 1976 1768 Ulp.
2004 1698 2230 1751 LXXII

544 1775 636 1829 Fr.
664 1776 735 1829 60
759 1776 827 1830 de
854 1776 918 1831 Ο.
945 1781 1002 1830 et
1023 1777 1091 1830 A.
1118 1775 1221 1840 (44.
1251 1776 1304 1847 7)
1848 1775 1976 1846 Ulp.
2003 1774 2176 1829 XVII

543 1853 637 1907 Fr.
665 1853 733 1906 69
758 1854 828 1906 de
854 1853 921 1907 V.
948 1852 1012 1908 Ο.
1038 1853 1141 1918 (45.
1170 1854 1219 1921 1)
1850 1852 1977 1923 Ulp.
2006 1852 2090 1908 VI

545 1929 636 1984 Fr.
665 1930 731 1984 79
757 1929 828 1983 de
851 1928 919 1985 V.
947 1929 1010 1984 Ο.
1039 1930 1141 1997 (45.
1169 1931 1221 1996 1)
1848 1928 1978 1999 Ulp.
2007 1928 2174 1983 LXX

543 2006 635 2060 Fr.
664 2008 695 2060 1
722 2005 792 2060 de
817 2005 944 2076 stip.
972 2012 1148 2077 praet.
1174 2008 1278 2074 (46.
1305 2009 1359 2075 5)
1850 2006 1979 2076 Ulp.
2007 2005 2173 2059 LXX

547 2081 651 2137 cit.
679 2083 743 2137 fr.
771 2084 839 2137 14
861 2082 892 2153 ἓ
916 2085 947 2137 1
976 2083 1045 2138 de
1070 2083 1197 2137 furt.
1225 2084 1327 2150 (47.
1353 2083 1406 2149 2)
1848 2083 1951 2136 Iul.
1979 2082 2184 2136 XXIII

546 2159 639 2213 Fr.
666 2159 701 2213 3
724 2157 773 2213 si
796 2158 844 2213 is
870 2159 965 2230 qui
989 2164 1112 2214 test.
1141 2160 1245 2223 (47.
1272 2159 1325 2225 4)
1850 2159 1978 2229 Ulp.
2006 2158 2156 2213 XIII

546 2236 638 2290 Fr.
663 2235 698 2289 2
722 2236 771 2290 si
795 2235 925 2291 fam.
950 2235 1077 2290 furt.
1105 2236 1210 2291 fec.
1240 2237 1347 2292 dic.
1373 2237 1478 2303 (47.
1506 2239 1560 2306 6)
1848 2236 1954 2289 Iul.
1978 2235 2186 2291 XXIII

547 2314 637 2367 Fr.
663 2314 697 2366 2
723 2312 794 2367 de
815 2313 977 2369 iniur.
1002 2313 1105 2377 (47.
1134 2315 1219 2381 10)
1850 2312 2009 2366 Paul.
2037 2313 2086 2366 L

547 2391 639 2445 Fr.
664 2392 700 2444 4
724 2391 793 2444 de
819 2390 977 2444 iniur.
1005 2390 1108 2458 (47.
1138 2391 1224 2457 10)
1851 2389 2011 2443 Paul.
2039 2388 2087 2442 L

550 2467 642 2521 Fr.
670 2468 737 2521 15
761 2469 832 2521 de
854 2467 1017 2522 inlur.
1044 2468 1146 2535 (47.
1174 2470 1260 2531 10)
1852 2466 1982 2536 Ulp.
2010 2465 2293 2522 LXXVII

551 2544 640 2599 Fr.
670 2544 736 2597 16
762 2545 831 2599 de
855 2544 1014 2599 iniur.
1041 2545 1144 2607 (47.
1172 2546 1258 2611 10)
1850 2542 2010 2597 Paul.
2038 2542 2322 2600 XXXXV

550 2620 657 2675 eit.
680 2619 747 2675 fr.
772 2623 801 2675 1
821 2622 853 2692 ἓ
872 2623 940 2675 14
958 2621 1181 2691 quando
1199 2622 1595 2694 appellandum
1615 2622 1719 2689 (49.
1738 2621 1794 2691 4)
1851 2619 1954 2673 Iul.
1982 2619 2211 2673 XXXX

550 2698 641 2752 Fr.
669 2698 736 2752 73
761 2698 830 2753 de
856 2698 923 2754 V.
952 2698 1007 2753 S.
1033 2700 1135 2765 (50.
1166 2699 1251 2767 16)
1849 2696 1981 2766 Ulp.
2008 2696 2234 2751 LXXX

552 2775 642 2829 Fr.
668 2775 735 2829 47
762 2776 831 2829 de
857 2773 922 2829 R.
948 2774 992 2828 1.
1022 2776 1123 2843 (50.
1152 2775 1238 2843 17)
1852 2773 1981 2843 Ulp.
2007 2773 2180 2827 XXX

552 2852 643 2906 Fr.
671 2852 773 2905 162
797 2853 866 2907 de
892 2852 958 2905 R.
985 2852 1029 2906 Ι.
1055 2855 1157 2916 (50.
1184 2854 1270 2919 17)
1850 2850 2010 2903 Paul.
2038 2850 2205 2904 LXX

552 2928 643 2983 Fr.
673 2928 773 2983 163
797 2928 866 2984 de
892 2929 956 2985 R.
982 2929 1023 2986 Ι.
1052 2932 1154 2998 (50.
1180 2931 1269 2999 17)
1853 2927 1980 2998 Ulp.
2007 2928 2112 2984 LV

2687 598 2897 648 Richtige

2656 668 2933 718 Inter-{paon

2494 776 2622 846 Ulp.
2651 775 2913 829 XXXXI

2491 853 2620 924 Ulp.
2645 852 2938 905 XXXXII

2491 929 2620 1000 Ulp.
2647 929 2966 984 XXXXVI

2487 1006 2643 1061 Paul.
2673 1006 2899 1061 LXVII

2491 1085 2616 1156 Ulp.
2650 1083 2902 1138 LXXXI

2487 1161 2646 1216 Paul.
2673 1159 2868 1215 LVIII

2489 1237 2616 1293 Gai.
2642 1238 2915 1292 xxlm?

2490 1315 2616 1385 Ulp.
2643 1315 2813 1369 LXII

2487 1390 2618 1461 Ulp.
2649 1392 2815 1446 LXX

2487 1467 2617 1538 Ulp.
2643 1468 2839 1523 LXXI

2492 1545 2619 1615 Ulp.
2644 1545 2931 1601 LXVIIII

2490 1622 2618 1692 Ulp.
2644 1622 2903 1677 LXXIII

2492 1698 2619 1769 Ulp.
2647 1699 2869 1755 LXXV

2491 1775 2619 1845 Ulp.
2646 1775 2848 1831 XVIII

2489 1851 2620 1923 Ulp.
2647 1853 2760 1908 VII

2489 1928 2619 1998 Ulp.
2647 1929 2844 1983 LXXI

2490 2006 2622 2077 Ulp.
2647 2006 2930 2062 LXXVII

2491 2084 2592 2138 Iul.
2616 2083 2792 2137 XXII

2493 2161 2620 2231 Ulp.
2650 2160 2964 2218 XXXVIII

2491 2238 2595 2292 Iul.
2621 2237 2798 2292 XXII

2491 2313 2651 2368 Paul.
2679 2314 2785 2369 LV

2492 2390 2651 2446 Paul.
2677 2392 2784 2447 LV

2494 2467 2621 2539 Ulp.
2647 2468 2812 2525 LVII

2490 2544 2649 2600 Paul.
2677 2545 2782 2602 LV

2491 2622 2593 2677 Iul.
2620 2622 2940 2678 XXXXV?

2495 2698 2618 2769 Ulp.
2647 2699 2941 2754 LXXXI?

2494 2777 2623 2847 Ulp.
2649 2777 2855 2831 XXXI

2495 2930 2621 3001 Ulp.
2651 2929 2830 2985 LIII?
