3736 5919
1514 440 1651 501 Tit.
1687 440 1768 500 x
1857 439 1893 516 ς
1931 441 2032 500 46.
3086 438 3219 507 101

335 603 719 691 abgezogen
754 605 855 683 ist,
890 646 979 657 —
1012 629 1079 672 es
1126 606 1370 673 scheint
1414 607 1536 673 mir
1580 607 1754 673 diese
1797 607 2144 675 Annahme
2190 609 2315 675 den
2359 609 2747 695 quibusdam
2792 610 3046 676 casibus
3100 611 3216 678 des

334 703 550 772 Gaius
589 708 803 775 besser
836 732 920 773 zu
956 710 1456 795 entspreohen1).

517 928 665 995 Gai.
702 931 822 998 IV.
859 931 993 996 57.:
1748 848 1809 913 2·

687 1036 778 1098 At
813 1034 867 1099 si
902 1033 967 1099 in
1004 1034 1522 1100 condemnatione
1558 1034 1703 1120 plus
1739 1036 2010 1120 petitum
2047 1035 2127 1100 sit
2163 1057 2358 1119 quam
2394 1048 2661 1123 oportet,
2701 1037 2932 1102 actoris
2968 1038 3218 1121 quidem

686 1135 1037 1222 periculum
1073 1138 1319 1202 nullum
1358 1150 1474 1215 est,
1520 1137 1634 1203 sed
1671 1138 1831 1218 (reus
1868 1142 2028 1220 cum)
2064 1139 2344 1222 iniquam
2381 1139 2721 1204 formulam
2768 1141 3102 1226 acceperit,
3149 1142 3217 1206 in

686 1239 1003 1325 integrum
1039 1240 1410 1316 restituitur,
1447 1256 1518 1305 ut
1553 1241 1877 1305 minuatur
1904 1242 2348 1306 condemnatio
2377 1291 2392 1306 .
2422 1242 2476 1307 si
2512 1265 2665 1308 uero
2692 1243 2903 1307 minus
2939 1244 3219 1329 positum

686 1342 877 1407 fuerit
913 1364 1107 1426 quam
1143 1355 1408 1429 oportet,
1456 1343 1578 1408 hoc
1615 1345 1820 1408 solum
1858 1343 2078 1425 (actor)
2116 1346 2528 1429 consequitur
2563 1346 2737 1429 quod
2781 1346 2993 1431 posuit
3030 1395 3047 1411 .
3088 1395 3103 1411 .
3143 1395 3159 1411 .
3199 1393 3218 1411 .

687 1467 807 1509 nec
843 1468 922 1510 ex
959 1469 1036 1510 ea
1078 1458 1259 1532 parte
1293 1458 1548 1531 praetor
1590 1446 1656 1510 in
1700 1446 2025 1532 integrum
2068 1446 2341 1512 restituit
2377 1497 2393 1512 .
2432 1494 2449 1511 .
2489 1496 2506 1512 .
2546 1471 2592 1512 .:
2639 1448 2961 1531 loquimur
3005 1459 3221 1514 autem

689 1548 970 1632 exceptis
1016 1548 1369 1613 minoribus
1405 1548 1619 1616 XXV
1653 1570 1993 1613 annorum:
2048 1573 2197 1614 nam
2241 1550 2431 1615 huius
2476 1550 2702 1616 aetatis
2747 1550 3111 1616 hominibus
3154 1551 3222 1615 in

689 1649 983 1715 omnibus
1019 1650 1210 1716 rebus
1246 1651 1439 1737 lapsis
1473 1663 1728 1737 praetor
1764 1652 2095 1717 succurrit.

1751 1824 1812 1889 3.

517 1957 731 2023 Diocl.
769 1969 833 2023 et
867 1957 1137 2022 Maxim.
1177 1980 1231 2023 c.
1270 1960 1311 2023 2
1349 1970 1507 2024 sent.
1545 1960 1819 2025 rescindi
1857 1961 1946 2040 (7.
1983 1960 2124 2039 50):

691 2059 1162 2147 Peremptorias
1200 2062 1605 2147 exceptiones
1641 2063 1909 2127 omissas
1945 2062 2122 2127 initio
2134 2064 2205 2146 2),
2244 2072 2587 2145 antequam
2615 2061 2932 2127 sententia
2958 2062 3222 2139 feratur,

693 2163 928 2247 opponi
980 2185 1168 2248 posse
1221 2176 1602 2250 perpetuum
1645 2165 1923 2230 edictum
1968 2164 2303 2230 manifeste
2349 2164 2657 2229 declarat:
2714 2164 2887 2247 quod
2940 2164 2995 2228 si
3039 2163 3225 2228 aliter

693 2277 905 2330 actum
940 2265 1152 2341 fuerit,
1189 2266 1256 2331 in
1289 2267 1612 2353 integrum
1646 2268 1962 2333 restitutio
1998 2266 2403 2353 permittitur.

331 2368 446 2433 ict.
489 2365 638 2433 Gai.
677 2368 797 2434 IV.
838 2368 991 2432 125:

697 2469 832 2536 Sed
879 2471 1308 2556 peremptoria
1351 2471 1610 2555 quidem
1655 2471 2032 2558 exceptione
2077 2471 2130 2536 si
2180 2494 2328 2537 reus
2382 2493 2497 2557 per
2540 2492 2814 2536 errorem
2856 2492 2986 2535 non
3039 2470 3229 2535 fuerit

695 2595 872 2650 usne,
926 2574 992 2637 in
1034 2574 1356 2660 integrum
1399 2574 1751 2639 restituitur
1794 2572 2168 2640 adiciendae
2212 2572 2602 2658 exceptionis
2646 2573 2882 2660 gratia.
2936 2573 3229 2638 dilatoria

695 2696 851 2740 uero
887 2676 942 2739 si
975 2696 1106 2740 non
1142 2675 1327 2740 fuerit
1362 2698 1535 2753 usus,
1574 2700 1656 2741 an
1692 2678 1759 2741 in
1795 2678 2117 2763 integrum
2151 2676 2541 2753 restituatur,
2578 2675 2923 2760 quaeritur.

334 2775 451 2842 Cf.
491 2798 550 2842 c.
589 2777 630 2842 8
668 2776 750 2841 de
788 2790 1032 2862 except.
1071 2778 1158 2857 (8.
1186 2777 1273 2842 35
1301 2775 1497 2864 [36]).
1588 2778 1658 2845 S.
1696 2778 1862 2844 auch
1899 2779 1977 2845 fr.
2016 2779 2100 2843 23
2136 2778 2175 2863 ᾖ
2209 2779 2250 2844 3
2288 2778 2367 2843 de
2404 2779 2589 2844 cond.
2636 2778 2850 2844 indeb.
2891 2779 3022 2859 (12.
3059 2779 3127 2861 6)
3165 2800 3231 2843 v.

331 2880 446 2957 „si
482 2890 633 2967 post
667 2878 847 2945 litem
882 2890 1297 2945 contestatam
1335 2880 1491 2946 rel.“

651 3133 798 3208 546.
866 3133 973 3186 DE
1008 3133 1542 3191 ALIENATIONE
1575 3133 1854 3192 IUDICII
1891 3134 2260 3191 MUTANDI
2297 3133 2551 3191 CAUSA
2583 3133 2916 3203 FACTA8).

513 3287 675 3375 Ulp.
719 3289 883 3368 13⁴),
918 3289 1105 3354 Paul.
1149 3291 1311 3369 12⁵),
1352 3289 1499 3357 Gai.
1537 3291 1661 3374 45).

515 3392 643 3456 Als
672 3392 921 3457 sichere
948 3392 1385 3458 Bestandteile
1414 3394 1526 3459 des
1553 3392 1778 3458 Edicts
1807 3394 2019 3459 lassen
2045 3392 2183 3459 sich
2217 3392 2518 3477 folgende
2547 3392 2778 3458 Worte
2807 3391 3231 3457 bezeichnen:

693 3493 888 3575 QUAE
938 3517 1265 3559 mum-10
1308 3518 1528 3560 mmcn
1569 3518 1848 3562 mmm
1894 3518 2091 3561 CAUSA
2142 3517 2344 3559 FACTA
2388 3498 2589 3578 ιιιιιτῖ)
2643 3517 2811 3559 nono
2864 3517 3032 3558 mo
3044 3496 3115 3574 ⁸),
3169 3517 3234 3559 m

691 3618 1010 3662 m‘rnonuu
1042 3619 1386 3663 nas'rrruAM
1395 3602 1466 3680 ⁹).

323 3699 466 3764 Die
521 3698 905 3782 bisherigen
954 3699 1327 3765 Bearbeiter
1380 3700 1492 3765 des
1547 3699 1771 3765 Edicts
1824 3700 2170 3785 begniigen
2223 3697 2360 3762 sich
2412 3697 2567 3763 aber
2618 3697 2797 3762 nicht
2850 3698 2968 3762 mit
3012 3697 3233 3763 diesen

327 3802 643 3867 WVorten.
745 3800 1011 3865 Zweifel
1047 3815 1258 3888 erregt
1293 3801 1630 3880 zuniichst,
1669 3803 1815 3867 dass
1851 3801 2098 3866 Paulus
2134 3800 2203 3865 in
2237 3799 2314 3863 fr.
2354 3800 2393 3864 8
2431 3799 2470 3883 ξ
2510 3801 2544 3863 1
2580 3799 2642 3864 h.
2680 3811 2726 3864 t.
2765 3799 3103 3865 berichtet:

691 3902 969 3966 Praetor
1004 3903 1118 3968 ait:
1165 3926 1468 3987 „quaeue
1505 3904 1798 3970 alienatio
1834 3903 2059 3968 iudicii
2094 3901 2384 3967 mutandi
2420 3924 2615 3966 causa
2649 3901 2819 3966 facta
2856 3902 3044 3967 erit“.

325 4005 646 4088 Quaene:
710 4003 985 4069 hienach
1029 4011 1314 4071 miissten
1358 4006 1588 4071 vorher
1631 4007 1800 4072 noch
1848 4006 2085 4071 andere
2128 4003 2552 4069 Edictsworte
2605 4003 2961 4088 gestanden
3006 4003 3241 4071 haben.

321 4107 799 4174 Ranchinus
837 4106 970 4170 und
1005 4107 1168 4172 nach
1204 4108 1337 4172 ihm
1374 4108 1639 4174 Andere
1676 4109 1979 4193 schlagen
2016 4129 2133 4173 vor
2167 4107 2324 4193 (vgl.
2360 4105 2440 4170 fr.
2477 4106 2521 4170 4
2554 4105 2593 4190 ᾖ
2633 4108 2691 4171 1.
2728 4105 2770 4170 3
2807 4106 2869 4170 h.
2908 4110 3011 4190 t.):

694 4206 775 4273 Si
814 4207 963 4272 dolo
999 4209 1164 4273 malo
1199 4209 1277 4274 lis
1313 4210 1379 4274 in
1415 4211 1609 4274 alium
1647 4212 1955 4276 translata
1991 4231 2241 4294 quaeue
2277 4209 2576 4275 alienatio
2615 4219 2735 4274 etc.

319 4313 554 4379 Allein
601 4312 794 4376 diese
852 4310 1263 4377 willkiirliche
1317 4313 1842 4400 Hereintragung
1888 4313 2065 4379 einer
2109 4311 2491 4397 Tautologie
2537 4309 2772 4377 bedarf
2808 4312 2979 4377 wohl
3020 4311 3245 4379 keiner

390 4465 447 4532 1)
499 4463 645 4535 vgl.
711 4460 869 4515 auch
928 4460 1016 4515 die
1076 4462 1391 4517 constitutio
1449 4462 1769 4518 Zenoniana
1906 4462 1960 4529 5)
1984 4462 2075 4516 Fr.
2103 4464 2156 4530 8,
2182 4462 2249 4516 10
2270 4462 2326 4515 h.
2353 4466 2393 4515 t.
2465 4461 2559 4515 Fr.
2587 4462 2657 4516 10
2677 4463 2752 4515 ist
2773 4461 3070 4517 falschlich
3092 4462 3242 4533 Ulp.

316 4557 368 4595 c.
421 4542 456 4596 1
503 4541 582 4594 de
630 4538 774 4609 plus
826 4537 1066 4607 petendo
1107 4540 1177 4604 (3.
1222 4539 1308 4606 10)
1347 4540 1407 4593 in
1461 4541 1493 4609 ξ
1537 4541 1567 4593 1
1614 4556 1666 4594 u.
1715 4541 1768 4610 2,
1840 4540 1908 4595 12
1931 4538 2231 4594 inscribirt.

317 4634 404 4672 wo
449 4615 758 4673 ebenfalls
812 4613 1076 4682 spezielle
1111 4616 1471 4670 Ausnahmen
1510 4617 1771 4688 gemacht
1909 4617 1963 4683 6)
1987 4616 2081 4670 Fr.
2108 4618 2158 4685 1,
2184 4617 2236 4685 3,
2261 4616 2293 4670 7
2319 4615 2375 4669 h.
2402 4620 2442 4668 t.

315 4696 464 4750 sind.
1911 4693 1963 4761 7)
1990 4691 2117 4747 Gai.
2144 4694 2180 4747 4
2210 4691 2279 4747 fr.
2317 4694 2368 4762 1,
2393 4694 2428 4746 3
2450 4692 2642 4762 pr.—§
2663 4691 2698 4746 3
2720 4690 2773 4746 h.
2800 4695 2842 4744 t.
2913 4690 3044 4760 Ulp.
3072 4689 3138 4743 13
3172 4690 3242 4744 fr.

381 4773 440 4840 2)
463 4766 772 4826 Budorf
777 4765 809 4820 f
872 4772 1142 4822 vei-mutet
1203 4768 1351 4838 hier,
1415 4769 1571 4824 nicht
1624 4770 1767 4824 ohne
1836 4769 1876 4825 4
1907 4772 2096 4841 pr.--§
2127 4771 2163 4824 4
2192 4770 2248 4823 h.
2284 4774 2326 4823 t.
2397 4767 2559 4822 Paul.
2589 4769 2657 4823 12
2688 4766 2754 4822 fr.
2779 4767 2814 4822 8
2839 4766 3047 4839 §1-5,
3081 4765 3150 4820 fr.
3178 4768 3249 4822 10

313 4848 542 4917 Grund,
556 4849 662 4903 ein
673 4842 1014 4912 Emblem:,
1019 4845 1426 4913 ,Diocletianus
1444 4846 1768 4917 scripserat·
1841 4866 1926 4918 pr.
1954 4847 2008 4901 h
2035 4852 2074 4901 t.
2102 4845 2163 4901 C.
2189 4864 2280 4901 un.
2305 4847 2361 4900 h.
2388 4849 2429 4899 t.

307 4927 366 4981 in
398 4926 654 4994 iudicio,
693 4923 816 4976 hoc
855 4923 943 4974 est
973 4920 1031 4974 in
1061 4921 1336 4976 formula“
1373 4923 1455 4991 (Ε
1479 4923 1546 4977 Ρ.
1574 4924 1769 4995 544³).
1907 4926 1961 4992 8)
1986 4924 2118 4994 Ulp.
2146 4925 2214 4979 13
2237 4922 2304 4977 fr.
2328 4922 2476 4992 4§3
2500 4919 2593 4986 (cf.
2622 4920 2728 4990 §L
2753 4920 2809 4987 4)
2842 4919 2897 4973 h.
2925 4923 2993 4972 t:
3034 4935 3163 4973 cum
3185 4919 3247 4974 in

305 5003 418 5060 Die
446 5004 646 5060 Stelle
677 4996 893 5054 diirfte
932 4998 1074 5051 auch
1107 5005 1260 5054 sonat
1281 5016 1388 5055 von
1414 5001 1523 5055 den
1548 4999 1766 5073 Compi·
1836 5001 1945 5055 hoc
1970 5000 2154 5055 edicto
2180 5000 2293 5054 doli
2316 4997 2447 5051 mali
2473 4995 2574 5050 fiat
2595 4994 2821 5050 mentio.
2892 4995 3053 5050 Paul.
3081 4996 3148 5051 12
3171 4996 3245 5051 fr.

304 5082 532 5137 htoren
559 5073 965 5149 umgestaltet
989 5073 1121 5128 sein.
1840 5078 1910 5132 10
1935 5079 1966 5148 §
1993 5079 2023 5130 1
2048 5078 2103 5129 h.
2130 5082 2169 5130 t.

452 5158 653 5224 D.(4
688 5155 773 5222 7),
803 5148 873 5204 C.
901 5150 972 5217 (2.
1001 5151 1071 5206 54
1095 5154 1246 5221 [55]).
1907 5154 1962 5218 9)
1987 5152 2114 5206 Gai.
2134 5150 2258 5205 4fr.
2280 5149 2490 5221 35411.
2502 5153 2571 5202 t:
2597 5148 2744 5219 quod
2764 5149 3247 5220 proconsulinin·

368 5236 557 5306 4>Fr.
587 5235 650 5304 2,
678 5232 744 5301 4,
775 5228 813 5286 6
839 5227 900 5281 h
926 5231 986 5296 t,
1009 5227 1074 5283 fr.
1103 5230 1202 5285 119
1226 5231 1295 5286 de
1319 5230 1386 5285 R.
1413 5231 1469 5285 J.
1836 5235 2056 5300 tegi-um
2072 5228 2455 5283 restituturum
2473 5242 2532 5282 se
2550 5224 2859 5298 pollicetur.
2881 5224 3250 5286 Cf.c.un.h.t.
