3736 5919
1310 433 1646 496 Edictum
1682 434 1827 497 aed.
1866 455 2006 496 cur.
2095 434 2129 512 ᾖ
2170 437 2311 494 293.
3120 418 3252 499 443

717 598 1106 685 mancipium
1159 612 1232 665 ut
1293 601 1617 686 promittat
1688 600 2105 689 praecipitur:
2169 601 2260 666 ita
2321 614 2382 667 et
2462 622 2609 667 cum
2671 601 2934 667 accedat
2995 601 3102 666 alii
3163 602 3258 668 rei

717 700 929 778 hom0,
976 703 1201 768 eadem
1237 718 1301 769 et
1336 704 1700 790 praedicere
1737 719 1801 770 et
1836 704 2204 791 promittere
2242 704 2642 790 compellitur
2679 753 2918 770 .....

541 802 729 867 Paul.
768 804 811 869 2
846 804 923 868 fr.
961 805 1048 870 44
1081 828 1177 892 pr.
1215 804 1277 871 h.
1316 818 1391 872 t.:

716 906 1071 974 Iustissime
1142 908 1378 975 aediles
1447 910 1789 975 noluerunt
1858 908 2180 975 hominem
2245 909 2303 975 ei
2366 909 2457 975 rei
2518 931 2685 995 quae
2756 910 3016 976 minoris
3089 921 3256 977 esset

718 1010 1083 1094 accedere¹)
1122 1058 1475 1078 .......

541 1229 699 1317 Ulp.
741 1235 773 1298 1
815 1233 890 1298 fr.
930 1234 1010 1298 37
1050 1233 1113 1298 h.
1151 1246 1225 1299 t.:
1779 1133 1840 1197 9⁹

713 1336 1127 1422 Praecipiunt
1162 1336 1420 1414 aediles,
1465 1359 1547 1403 ne
1582 1348 1903 1403 ueterator
1937 1358 2052 1421 pro
2088 1337 2342 1401 nouicio
2388 1348 2619 1403 ueneat
2632 1339 2682 1417 ⁵³)
2721 1384 2963 1403 .....
3004 1337 3057 1402 si
3094 1337 3252 1422 quid

713 1439 1048 1525 ignorante
1085 1451 1371 1525 emptore
1407 1439 1497 1503 ita
1532 1439 1824 1516 uenierit‚
1868 1438 2385 1521 redhibebiturss).

539 1720 726 1785 Paul.
765 1721 806 1784 2
841 1720 919 1786 fr.
955 1721 1042 1785 44
1077 1721 1116 1805 ἓ
1155 1723 1186 1786 1
1229 1722 1291 1786 h.
1330 1732 1402 1786 t.:

709 1822 1101 1909 Proponitur
1135 1824 1301 1889 actio
1346 1847 1425 1890 ex
1471 1822 1593 1889 hoc
1638 1823 1846 1890 edicto
1891 1823 1956 1887 in
2002 1846 2171 1899 eum,
2226 1823 2408 1888 cuius
2463 1822 2742 1887 maxima
2788 1845 2935 1908 pars
2980 1823 3045 1887 in
3091 1845 3253 1887 uen-

713 1924 951 1991 ditione
1015 1926 1237 2004 fuerit,
1308 1927 1460 2011 quia
1519 1927 1899 2013 plerumque
1960 1925 2352 1991 uenaliciarii
2414 1925 2505 1990 ita
2566 1925 2934 1992 societatem
2997 1937 3254 2002 coeunt,

711 2039 812 2105 ut,
874 2029 1184 2113 quidquid
1247 2040 1477 2116 agunt,
1539 2029 1605 2093 in
1668 2049 2008 2093 commune
2070 2027 2409 2092 uideantur
2462 2049 2683 2112 agere:
2747 2050 3027 2113 aequum
3081 2028 3251 2093 enim

709 2131 1023 2197 aedilibus
1075 2132 1288 2197 uisum
1333 2144 1430 2198 est
1482 2132 1587 2198 uel
1639 2131 1705 2195 in
1757 2153 1961 2195 unum
2015 2152 2095 2195 ex
2149 2128 2267 2207 his,
2323 2130 2541 2195 cuius
2594 2129 2833 2194 maior
2886 2153 3062 2216 pars
3117 2142 3249 2194 aut

708 2235 920 2299 nulla
965 2247 1179 2320 parte
1224 2235 1469 2300 minor
1504 2246 1734 2312 esset,
1781 2231 2104 2299 aedilicias
2142 2233 2422 2298 actiones
2460 2243 2818 2318 competere
2858 2281 2872 2296 .
2912 2280 2928 2297 .
2967 2279 2984 2296 .
3028 2281 3043 2296 .
3084 2279 3101 2297 .
3141 2279 3157 2296 .
3196 2256 3245 2296 ,ι

713 2360 862 2401 nam
904 2337 971 2402 id
1022 2360 1229 2423 genus
1283 2336 1611 2402 hominum
1657 2336 1739 2402 ad
1783 2337 2033 2427 lucrum
2086 2332 2351 2421 [potius]
2399 2334 2507 2400 uel
2561 2334 2829 2420 turpiter
2879 2334 3246 2400 faciendum

708 2439 970 2526 pronius
1008 2450 1122 2506 est.

362 2539 703 2605 Rudorff
748 2542 908 2607 fasst
960 2543 1094 2609 dies
1145 2544 1499 2629 Fragment
1550 2542 1644 2606 als
1699 2539 2117 2607 Commentar
2168 2564 2250 2606 zu
2305 2541 2452 2607 dem
2506 2539 2700 2605 Edict
2752 2540 2865 2606 des
2917 2539 2993 2604 fr.
3046 2540 3079 2604 1
3127 2539 3166 2623 ᾖ
3210 2541 3242 2604 1

365 2641 426 2707 h.
448 2654 491 2707 t.
513 2644 618 2725 (E.
638 2644 715 2709 P.
737 2644 981 2729 §310⁹)
1018 2646 1151 2711 und
1188 2645 1434 2711 schiebt
1472 2645 1874 2731 demgem‘ass
1909 2644 1976 2709 in
2014 2644 2149 2710 dies
2176 2643 2370 2709 Edict
2406 2665 2521 2709 vor
2556 2642 2656 2709 die
2687 2642 2918 2708 Worte
2953 2644 3246 2707 iudicium

363 2746 644 2810 dabimus
681 2747 783 2813 die
820 2749 1050 2815 Worte
1095 2749 1225 2814 ein:
1271 2751 1337 2812 in
1383 2771 1516 2813 eum
1563 2751 1730 2812 cuius
1774 2750 2047 2811 maxima
2084 2771 2240 2832 pars
2284 2750 2350 2811 in
2396 2749 2740 2811 venditione
2769 2746 2924 2831 suit.
3015 2742 3248 2810 Offen-

362 2847 481 2913 bar
534 2847 688 2915 aber
740 2849 951 2916 haben
1005 2850 1120 2916 wir
1173 2874 1240 2917 es
1295 2850 1433 2917 hier
1483 2848 1793 2917 vielmehr
1844 2849 1962 2914 mit
2013 2849 2219 2915 einem
2275 2848 2633 2915 besondern
2686 2848 2881 2915 Edict
2935 2847 3246 2914 aduersus

361 2951 804 3019 uenaliciarios
849 2976 931 3018 zu
977 2969 1113 3031 tun,
1168 2954 1308 3031 wie,
1352 2977 1519 3040 ganz
1574 2951 1941 3040 abgesehen
1985 2974 2133 3017 vom
2178 2949 2412 3029 Inhalt,
2465 2952 2666 3019 schon
2709 2950 2942 3019 daraus
2987 2949 3250 3017 hervor-

362 3055 536 3141 geht,
593 3056 740 3122 dass
782 3057 1030 3122 Paulus
1076 3056 1367 3123 dasselbe
1423 3067 1549 3123 erst
1595 3056 1704 3123 lib.
1744 3057 1786 3121 2
1829 3061 2117 3131 er6rtert‚
2171 3054 2476 3121 wiihrend
2520 3055 2637 3121 das
2682 3055 2875 3121 Edict
2919 3055 3033 3121 des
3079 3054 3156 3119 fr.
3211 3054 3242 3116 1

362 3157 400 3242 ξ
443 3160 471 3222 1
512 3158 616 3224 bei
661 3159 792 3223 ihm
839 3159 925 3223 im
971 3171 1180 3225 ersten
1225 3158 1451 3225 Buche
1494 3159 1761 3244 figurirt.
1852 3157 2046 3223 Auch
2093 3155 2396 3223 scheinen
2442 3158 2867 3224 Edictsworte
2919 3156 3095 3223 nicht
3141 3156 3248 3220 die

364 3282 489 3325 von
526 3260 813 3326 Rudorff
839 3263 1193 3348 recipirten,
1232 3262 1509 3327 sondern
1546 3262 1648 3327 die
1686 3261 1855 3326 oben
1892 3259 2502 3346 hervorgehobenen
2538 3284 2621 3326 zu
2659 3261 2811 3326 sein.

1756 3449 1857 3512 11.

534 3583 691 3672 Ulp.
748 3585 827 3650 fr.
884 3587 963 3651 27
1022 3586 1061 3670 ἓ
1115 3587 1196 3651 28
1252 3587 1337 3651 ad
1388 3586 1428 3650 l.
1485 3587 1661 3670 Aqu.
1717 3587 1802 3664 (9.
1862 3585 1960 3666 2):

709 3737 949 3753 .....
987 3690 1041 3753 si
1078 3712 1349 3775 puerum
1378 3688 1521 3772 quis
1559 3686 1930 3754 castrauerit
1959 3698 2022 3753 et
2058 3686 2496 3772 pretiosiorem
2524 3685 2827 3768 fecerit4),
2869 3736 2882 3749 .
2923 3734 2939 3749 .
2980 3734 2996 3748 .
3036 3734 3052 3749 .
3093 3732 3107 3748 .
3147 3683 3247 3749 in·

702 3790 1011 3856 iuriarum
1048 3791 1166 3857 erit
1204 3792 1524 3878 agendum
1562 3803 1675 3856 aut
1712 3813 1793 3857 ex
1838 3789 2048 3855 edicto
2085 3789 2385 3855 aedilium
2428 3785 2593 3875 [aut]
2609 3791 2659 3871 5)
2695 3787 2762 3851 in
2789 3786 3240 3872 quadruplum.

360 3889 503 3957 Das
539 3892 677 3958 hier
702 3894 1025 3960 erwiihnte
1052 3894 1246 3960 Edict
1272 3894 1517 3960 scheint
1553 3895 1695 3960 eine
1722 3891 2371 3979 Popularstrafklage
2400 3888 2793 3977 angeordnet
2831 3913 2913 3954 zu
2949 3889 3159 3954 haben
3171 3895 3243 3972 6).

430 4078 481 4144 1)
504 4076 576 4131 Ι).
598 4077 653 4131 h.
679 4078 823 4132 auch
847 4095 1007 4134 wenn
1032 4080 1123 4133 die
1142 4080 1403 4135 Parteien
1429 4080 1643 4135 solches
1667 4081 1762 4135 be·
1831 4085 2030 4140 Damit
2071 4087 2219 4141 steht
2249 4086 2315 4140 fr.
2351 4087 2420 4142 38
2463 4086 2494 4156 ξ
2528 4086 2559 4139 7
2592 4085 2644 4139 h.
2681 4089 2721 4137 t.
2761 4087 2912 4150 (sunt.
2943 4083 3241 4155 quaedam,

359 4152 569 4207 stimmt
585 4154 787 4222 haben,
808 4170 869 4208 so
890 4156 1235 4210 entscheidet
1253 4158 1395 4211 doch
1415 4157 1505 4211 die
1526 4158 1764 4229 etwaige
1833 4179 1978 4231 quae
2003 4162 2060 4216 in
2084 4163 2396 4219 hominibus
2421 4163 2668 4217 morbum
2696 4161 2929 4230 faciunt,
2953 4161 3012 4214 in
3029 4160 3238 4215 iumen·

360 4230 1228 4303 edictswidrigeBeschaffenheit
1248 4234 1345 4288 des
1361 4234 1605 4289 Sklaven
1624 4234 1764 4288 iiber
1832 4240 1905 4293 tis
1937 4255 2048 4293 non
2081 4241 2240 4308 ade0,
2274 4247 2336 4295 ut
2367 4247 2504 4312 puta
2534 4239 2581 4293 si
2616 4239 2797 4293 mulus
2832 4244 3104 4293 castratus
3138 4245 3250 4303 est)

358 4307 460 4361 <18⁸
494 4306 784 4363 Schicksal
827 4310 926 4363 des
967 4309 1150 4364 Kaufs
1191 4311 1317 4382 (gilt
1358 4311 1630 4365 demnach
1671 4310 1763 4364 die
1832 4317 2110 4372 natiirlich
2134 4318 2290 4373 nicht
2312 4318 2371 4372 in
2390 4317 2812 4389 Widerspruch.
2851 4316 2983 4370 Man
3002 4314 3240 4370 beachte

356 4399 446 4438 res
471 4385 695 4439 minoris
719 4386 887 4457 pretii
911 4388 994 4441 als
1018 4388 1262 4441 accessio
1288 4389 1386 4442 des
1410 4389 1606 4456 homo).
1834 4393 2119 4465 iibrigens‚
2154 4395 2282 4450 dass
2317 4396 2390 4450 im
2426 4395 2782 4451 Commentar
2815 4410 2884 4447 zu
2917 4394 3044 4448 dem
3078 4392 3242 4446 Wort

426 4463 481 4529 2)
512 4461 638 4534 Vgl-
674 4462 930 4518 Venulei-
966 4463 1032 4517 fr·
1070 4466 1138 4518 65
1172 4467 1203 4535 ἓ
1234 4466 1268 4518 2
1303 4466 1354 4519 h·
1393 4472 1453 4532 t·‚
1498 4464 1760 4529 Quinctil·
1832 4472 2056 4526 morbus
2097 4473 2175 4536 (in
2208 4473 2273 4528 fr.
2312 4476 2339 4527 1
2376 4474 2407 4545 ξ
2444 4476 2494 4541 1)
2530 4489 2676 4526 zwar
2711 4472 2813 4525 der
2852 4471 3045 4541 spado,
3088 4468 3241 4522 nicht

356 4539 528 4593 instit.
580 4547 713 4595 orat.
760 4541 900 4595 Vlll
943 4542 977 4594 2
1027 4542 1058 4610 §
1100 4545 1160 4596 8:
1211 4542 1515 4614 accipimus
1551 4583 1763 4601 .....
1832 4549 1970 4603 aber
1993 4550 2386 4604 ausdriicklich
2405 4551 2505 4605 der
2522 4555 2798 4604 castratus
2818 4545 3067 4601 erwahnt
3083 4544 3239 4612 wird,

364 4617 682 4686 „uenales“
707 4618 970 4673 nouicios.
1832 4626 1944 4698 vgl.
1973 4626 2040 4679 fr.
2067 4628 2100 4680 6
2127 4629 2158 4697 ἓ
2180 4629 2231 4694 2,
2257 4627 2321 4682 fr.
2349 4629 2380 4681 7
2407 4627 2457 4681 h.
2484 4635 2522 4680 t.

430 4695 483 4761 3)
506 4693 618 4748 Die
655 4693 913 4767 Stellung
945 4695 1126 4750 dieses
1152 4696 1363 4766 Edicta,
1397 4696 1502 4751 wie
1536 4698 1617 4752 sie
1643 4697 1764 4752 sich
1902 4705 1956 4771 5)
1997 4703 2115 4757 Aut
2155 4704 2296 4758 fehlt
2336 4704 2393 4757 in
2437 4705 2545 4759 den
2579 4701 2867 4757 Basiliken
2909 4699 3152 4768 (Heimb.
3187 4699 3241 4754 V

357 4787 461 4824 aus
493 4771 595 4825 der
626 4771 898 4843 ordnung
932 4773 991 4826 in
1026 4773 1260 4844 Ulpians
1293 4773 1647 4830 commentar
1680 4792 1763 4829 er·
1831 4799 1887 4851 p.
1908 4781 2058 4848 297):
2084 4789 2174 4834 καὶ
2199 4786 2280 4849 τῷ
2302 4779 2711 4852 παραγγέλματι
2736 4783 2854 4832 τῶν
2870 4776 3242 4850 ἀγορανόμων

357 4847 509 4918 gibt,
552 4847 627 4901 ist
672 4848 1006 4907 auffallend:
1065 4868 1192 4905 man
1240 4853 1459 4907 mochte
1507 4853 1764 4908 dasselbe
1835 4861 1911 4914 si.-
1937 4859 2002 4912 τὸ
2029 4858 2392 4928 τετραπλοῦν.

357 4941 449 4978 am
495 4924 730 4979 liebsten
782 4926 969 4997 gleich
1023 4945 1094 4981 zu
1149 4929 1258 4984 den
1307 4935 1492 4985 ersten
1548 4930 1761 4985 stellen.
1904 4936 1957 5002 6)
1976 4935 2201 4990 Andere
2219 4934 2416 4989 hieher
2431 4933 2700 5006 geborige
2719 4929 3241 5003 gesetzgeberische

357 5000 547 5055 Allein
588 5001 689 5056 das
740 5002 1061 5058 iidilicische
1112 5005 1277 5060 Edict
1326 5006 1400 5060 ist
1451 5007 1766 5078 iiberhaupt
1834 5011 2183 5082 Massregeln
2206 5012 2343 5066 betr.
2378 5012 2490 5082 vgl.
2525 5010 2591 5064 fr.
2626 5011 2660 5064 4
2697 5011 2727 5080 ξ
2757 5010 2811 5078 2,
2847 5009 2913 5062 fr.
2949 5009 3001 5076 5,
3036 5009 3070 5060 6
3102 5007 3237 5060 adl.

355 5077 415 5132 in
441 5079 549 5133 den
591 5078 974 5135 Einzelheiten
1024 5082 1178 5136 nicht
1228 5084 1618 5154 systematisch
1668 5100 1763 5155 ge·
1833 5086 1995 5142 Corn.
2057 5090 2127 5142 de
2183 5089 2278 5142 sic.
2337 5089 2439 5154 (48.
2489 5088 2560 5154 8).
2659 5085 2716 5140 S.
2776 5085 2961 5140 ferner
3009 5082 3236 5138 Sueton.

357 5155 572 5210 ordnet.
1833 5164 2138 5219 Domitian.
2188 5181 2235 5219 c.
2286 5165 2337 5232 7,
2396 5163 2659 5229 Quinctil.
2717 5161 2890 5217 instit.
2942 5161 3019 5217 or.
3070 5160 3123 5217 V
3173 5161 3239 5214 12

426 5231 481 5299 4)
515 5231 644 5303 vgl.
692 5249 737 5287 c.
781 5235 815 5288 3
858 5235 889 5304 ξ
933 5235 961 5288 1
1005 5251 1196 5291 comm.
1240 5237 1309 5293 de
1352 5239 1518 5310 legat.
1552 5238 1621 5304 (6.
1654 5238 1758 5306 43).
1833 5242 1865 5312 ξ
1900 5242 1983 5312 17,
2009 5241 2189 5296 Amm.
2219 5241 2387 5298 Marc.
2418 5243 2502 5312 18,
2526 5241 2562 5296 4
2587 5242 2617 5313 ξ
2640 5242 2675 5296 5
2697 5257 2751 5295 ιι.
2779 5241 2848 5295 A.
2875 5257 2946 5294 m.
